2232 3548
835 200 1110 236 PRAEFATIO
1744 201 1846 236 ‘XXV

98 327 149 353 ex
193 311 275 353 hoc
318 311 633 367 transcriptum
675 326 768 353 esse
810 313 1021 365 putarem.
1086 310 1180 359 Quo
1223 312 1370 352 tamen
1402 290 1643 354 accurqatius
1678 312 1849 367 singula

103 382 370 437 comparavi,
403 397 452 424 80
480 382 621 437 magis
648 382 756 423 mihi
788 382 1007 438 persuasi,
1040 382 1373 424 similitudinem
1399 398 1450 424 cx
1477 383 1696 425 communi
1729 383 1848 423 fonte

98 469 191 496 esse
223 454 514 508 repetendam.
567 452 690 502 Quod
725 456 774 494 ut
806 453 868 495 ita
901 468 994 495 esse
1028 454 1245 495 crederem
1278 457 1507 495 moverunt
1540 470 1607 496 me
1635 457 1678 495 et
1711 454 1848 495 bonae

98 529 141 567 et
173 526 312 567 malae
346 525 556 580 quaedam
590 524 817 579 lectiones,
851 525 1007 579 quibus
1042 525 1245 580 congruit
1272 525 1596 567 Hauniensis
1631 541 1727 567 cum
1755 525 1850 566 reli-

97 596 192 652 quis
225 596 368 652 libris,
401 596 621 650 discrepat
654 611 678 636 a
710 595 972 636 Parisino.
1023 595 1157 637 Velut
1190 612 1230 650 p.
1263 597 1362 651 315,
1397 598 1451 638 14
1483 596 1616 638 habet
1649 597 1851 638 Gabalum

97 683 194 710 cum
233 663 330 709 aliis
367 683 446 722 pro
480 667 703 722 Capulmn,
734 666 1007 708 Parisinus
1041 667 1254 710 (ss'am'llum
1296 683 1347 708 ex
1385 669 1533 723 glossa
1568 669 1620 710 12
1660 668 1850 709 eiusdem

96 738 304 795 paginae,
336 755 376 794 p.
405 739 508 794 338,
535 740 591 780 42
618 739 798 793 praebet
825 739 993 780 cxculsit
1019 752 1116 779 cum
1143 738 1340 793 reliquis,
1373 739 1646 780 Parisinus
1672 740 1851 794 exclusit,

96 812 144 851 ut
177 810 262 851 alia
293 810 482 852 mittam.
547 810 689 860 Quare
722 809 1085 851 Hauniensem
1124 823 1211 849 non
1245 809 1422 850 omnino
1455 810 1611 863 abieci,
1651 811 1725 852 sed
1756 811 1850 865 pari

96 882 223 923 modo
258 897 355 924 cum
387 881 628 923 Parisino
663 881 857 936 adhibui,
890 881 931 922 h.
958 896 990 922 e.
1025 879 1219 934 excerpsi
1248 880 1534 922 notabiliores
1567 881 1774 923 lectiones
1809 885 1852 923 et

95 953 229 994 falsas
271 955 314 994 ct
351 968 497 995 veras:
542 967 613 994 eas
657 967 840 1006 quarum
883 952 1052 993 nullum
1090 966 1217 992 usum
1257 966 1350 992 esse
1391 952 1535 993 censui
1577 953 1750 994 exclusi.
1800 978 1847 982 —

97 1024 241 1067 Codex
261 1024 554 1066 Bernensis
582 1024 626 1065 in
653 1023 903 1065 imiversum
925 1022 1264 1065 emendatiorem
1290 1022 1477 1064 formam
1503 1025 1697 1079 praebet,
1724 1040 1853 1079 quain

95 1096 235 1137 rarius
269 1096 525 1151 archetypo,
558 1095 697 1136 multo
733 1095 905 1149 saepius
940 1094 1175 1136 correctori
1209 1094 1484 1136 tribuendam
1511 1099 1610 1137 'esse
1638 1095 1852 1137 existimo.

96 1167 149 1209 In
175 1168 330 1209 ceteris
356 1168 536 1222 propius
564 1182 588 1208 a
616 1166 760 1208 codice
787 1166 1036 1208 Leidensi
1063 1166 1187 1207 abest
1215 1180 1344 1220 quam
1368 1166 1691 1208 Hauniensis
1712 1166 1853 1208 Pari-

96 1239 359 1294 sinusque.
415 1239 483 1280 Ex
514 1239 598 1281 hoc
631 1253 803 1293 quoque
837 1238 982 1280 codice
1017 1238 1243 1279 selectas
1277 1238 1580 1280 tantummodo
1615 1238 1853 1293 scripturas

97 1310 239 1352 attuli.
270 1336 326 1340 —
361 1310 566 1353 Omnium
596 1310 970 1365 suspectissimam
996 1309 1181 1351 formam
1212 1309 1417 1351 exhibent
1443 1310 1544 1351 libri
1574 1309 1853 1364 ‘plenioris

97 1381 410 1436 memoriae',
444 1382 602 1436 quippe
636 1382 711 1423 ubi
748 1385 942 1423 correcta
976 1381 1064 1423 sint
1096 1382 1251 1423 menda
1278 1381 1459 1436 leviora,
1492 1382 1694 1437 graviora
1727 1396 1854 1436 saepe

96 1453 229 1495 etiam
250 1453 391 1510 magis
417 1456 632 1508 corrupta,
659 1453 899 1507 permultae
928 1455 1074 1494 autem
1095 1453 1268 1509 glossae
1292 1452 1613 1495 contaminatae
1636 1468 1733 1494 cum
1757 1453 1853 1494 aliis

95 1525 180 1580 ita,
216 1527 266 1566 ut
304 1524 539 1580 genuinam
577 1523 765 1565 formam
803 1525 979 1579 penitus
1013 1525 1222 1566 exuerint.
1286 1525 1353 1565 Ex
1386 1524 1543 1579 quibus
1586 1524 1710 1565 libris
1745 1540 1854 1579 quae

97 1597 435 1638 emendatiorem
469 1596 657 1651 speciem
684 1596 773 1637 sive
801 1610 852 1637 ex
884 1595 1006 1638 fonte
1040 1595 1129 1637 sive
1165 1595 1422 1637 correctoris
1458 1610 1588 1650 opera
1620 1595 1855 1650 habebant,

98 1668 374 1724 transcripsi,
406 1683 516 1723 quae
550 1667 921 1711 contaminatione
955 1668 1124 1710 adiecta
1155 1670 1280 1709 erant
1307 1670 1542 1721 apertaque
1569 1667 1676 1708 vitia
1702 1667 1855 1722 procul

95 1740 249 1795 habui,
285 1742 335 1781 ut
368 1755 419 1782 ex
452 1740 686 1795 specimine
715 1740 830 1794 quod
856 1739 970 1781 infra
997 1739 1147 1781 edetur
1180 1738 1306 1781 facile
1338 1738 1577 1793 apparebit.
1610 1763 1668 1767 -—-
1700 1738 1855 1792 Itaque

95 1827 148 1854 ne
183 1811 278 1867 quis
312 1812 362 1853 de
396 1811 578 1853 consilio
613 1810 728 1866 quod
755 1813 929 1852 secutus
959 1825 1054 1852 sum
1082 1813 1212 1865 erret,
1244 1810 1328 1852 1108
1355 1826 1528 1852 1110118οε
1562 1825 1636 1852 1118
1663 1810 1715 1851 111
1741 1824 1858 1852 con—

97 1886 248 1925 textu
274 1883 596 1939 expressisse
625 1882 821 1925 codicis
842 1882 1120 1924 Leidensis
1148 1882 1461 1937 scripturam
1491 1882 1718 1924 abiectis
1748 1882 1858 1936 qui-

96 1956 310 1997 busdam
331 1955 592 2010 minutiis,
619 1969 745 2009 quae
766 1969 886 1997 vero
909 1954 1119 1996 uncinis
1147 1954 1300 1996 huius
1329 1955 1536 2010 generis
1559 1955 1584 2008 <
1606 1954 1858 2009 >inclusa

97 2030 238 2083 sunt,
284 2043 342 2069 ex
381 2027 500 2069 aliis
539 2027 695 2068 libris
734 2026 1091 2082 supplevisse3
1136 2027 1422 2081 apparatui
1462 2026 1691 2068 selectas
1737 2025 1858 2066 reli—

97 2114 313 2155 quorum
344 2098 603 2140 librorum
636 2097 1024 2153 discrepantias
1056 2098 1365 2153 inseruisse,
1398 2098 1687 2140 levissimis
1720 2112 1858 2138 erro-

97 2171 248 2213 ribus
287 2170 496 2212 omnino
537 2169 783 2225 abiectiS,
825 2171 1166 2225 gravioribus
1205 2170 1535 2212 lectionibus
1576 2184 1742 2224 neque
1782 2169 1857 2210 eis

97 2242 249 2285 bonis
300 2244 504 2283 tantum
551 2241 855 2296 plerumque
906 2242 1155 2297 receptis,
1204 2242 1518 2297 praesertim
1568 2242 1620 2282 in
1658 2240 1857 2296 glossis

98 2313 503 2356 difficilioribus
537 2316 589 2354 et
622 2313 886 2369 obscuris,
919 2329 976 2356 ac
1008 2329 1067 2355 ne
1101 2314 1174 2355 eis
1209 2314 1414 2368 quidem
1447 2313 1693 2368 exclusis,
1728 2327 1858 2367 quae

99 2401 209 2428 cum
254 2388 431 2441 aperte
476 2385 647 2427 falsae
693 2388 869 2427 essent
914 2390 1086 2427 tamen
1131 2385 1492 2441 grammaticis
1537 2385 1699 2426 utiles
1745 2399 1857 2425 esse

98 2460 324 2513 possent.
399 2457 477 2499 Ex
524 2457 743 2499 silentio
789 2457 961 2513 igitur
1003 2457 1140 2499 nihil
1186 2457 1594 2499 concludendum
1639 2458 1718 2498 est
1755 2455 1859 2496 nisi

98 2530 211 2572 hoc:
244 2530 478 2584 reliquos
511 2529 677 2571 libros
712 2532 800 2570 aut
833 2544 1118 2586 congruere
1153 2531 1243 2570 aut
1270 2528 1567 2583 discrepare
1594 2528 1686 2582 ita,
1719 2530 1775 2568 ut
1803 2543 1859 2568 ex

101 2601 460 2656 discrepantia
496 2600 630 2642 nihil
671 2601 804 2656 quod
842 2601 1006 2642 bonae
1044 2600 1216 2656 frugis
1256 2600 1325 2641 sit
1364 2600 1608 2642 discatur.
1677 2598 1730 2639 In
1767 2598 1858 2639 11111-

99 2689 272 2716 versum
300 2676 558 2728 apparatum
584 2672 814 2714 inutilibus
841 2673 970 2714 rebus
993 2672 1165 2714 onerari
1192 2686 1322 2726 quam
1351 2672 1587 2726 quidquam
1615 2670 1728 2725 quod
1750 2669 1856 2711 utile

100 2759 193 2786 esse
220 2752 369 2800 posset
402 2744 637 2786 desiderari
664 2744 815 2785 malui:
849 2758 988 2798 neque
1015 2744 1149 2799 enim,
1183 2744 1297 2798 quod
1326 2743 1589 2798 scriptorum
1617 2741 1741 2783 libris
1769 2756 1859 2782 eve-

99 2817 192 2858 nire
220 2817 350 2872 solet,
376 2819 424 2858 ut
452 2817 562 2857 alius
589 2816 774 2871 posthac
795 2816 943 2857 eadem
964 2816 1153 2872 vestigia
1173 2815 1232 2857 sit
1258 2817 1504 2870 secuturus,
1528 2814 1574 2855 in
1599 2815 1682 2855 1108
1703 2827 1859 2868 genere

101 2888 350 2930 litterarum
389 2888 585 2929 futurum
618 2902 711 2929 esse
744 2887 972 2942 probabile
1006 2887 1222 2929 existimo.
1259 2911 1307 2915 —-
1346 2885 1548 2928 Ceterum
1581 2886 1664 2927 1108
1697 2885 1860 2941 glossa-

101 2959 216 3001 rium
249 2960 383 3002 edidit
416 2963 515 3001 ante
547 2975 615 3001 me
651 2959 699 3001 G.
732 2958 779 3000 F.
812 2958 1136 3000 Hildebrand
1171 2957 1453 3013 (Glossarimn
1485 2959 1687 2999 Latinum
1720 2957 1860 2998 biblio-

102 3031 235 3073 thecae
267 3031 492 3073 Parisinae
529 3032 868 3085 antiqzctssimum
905 3044 1006 3072 saec.
1033 3030 1110 3071 IX
1144 3030 1357 3082 descripsit
1387 3029 1575 3082 primum
1606 3028 1749 3082 edidit,
1789 3028 1860 3069 acl-

102 3103 383 3145 notatiom'bus
407 3103 634 3144 illustravit
653 3102 769 3154 Profss
790 3101 870 3143 Dr.
893 3101 943 3143 G.
963 3101 1012 3142 F.
1037 3101 1312 3143 Hildebraml.
1364 3100 1580 3153 Gotte'nyae
1606 3097 1734 3154 1854)
1763 3114 1860 3140 cum

54 3213 55 3216 ,
104 3174 193 3215 iam
219 3176 347 3216 antea
373 3174 419 3215 in
444 3176 772 3230 programmate
793 3173 1158 3215 Tremoniensi
1184 3173 1403 3228 specimen
1421 3171 1732 3227 proposuisset.
1779 3170 1861 3220 Qui
