2170 3522
809 142 1022 181 GLossAE
1048 145 1244 181 ABAvvs
1820 147 1904 188 357

151 256 331 298 Interna
362 255 574 298 interiora
607 256 748 298 cordis
1047 255 1227 298 Inuidus
1262 257 1335 312 qui
1369 257 1551 299 alterius
1584 256 1795 298 felicitate
1827 257 1906 298 ini-

150 327 361 370 Interitus
393 342 569 382 pessum
601 327 852 382 pestilentia
1107 328 1241 370 micat

150 399 484 442 Internitionem
512 402 699 441 mortem
726 400 796 441 uel
823 416 1009 455 poenam
1047 399 1316 442 Inuiolatum
1349 401 1571 457 integrum
1604 401 1820 442 intactum
1847 400 1907 442 in-

149 471 450 514 Internuntius
477 472 650 527 legatus
673 487 802 526 quam
829 488 926 514 cum
948 488 1010 514 re-
1110 475 1372 514 temeratum
1405 473 1638 514 inlibatum

209 546 389 587 nunciat
420 544 533 586 redit
1046 543 1276 586 Inuisibile
1310 545 1426 600 quod
1458 545 1604 586 uidere
1636 560 1725 586 non
1756 546 1904 599 potest

113 628 130 653 5
149 616 408 671 Interpellat
440 616 549 658 adiit
1048 616 1222 658 Inuium
1256 617 1348 658 sine
1381 617 1453 658 uia
1486 617 1555 658 uel
1588 617 1746 658 timore
1926 630 1961 653 30

148 689 442 744 Interpolauit
473 688 710 743 interrupit
1048 688 1277 730 Inumatus
1309 689 1555 744 insepultus

150 760 395 816 Interpolat
426 760 670 815 interponit
1049 760 1283 803 Inundatio
1317 761 1530 803 diluuium

149 833 397 888 Interponit
429 832 653 874 interserit
1049 833 1266 875 Inundata
1298 833 1490 890 inrigata
1520 836 1638 875 terra

148 906 367 948 Intestina
398 905 646 947 interrenea
1048 905 1222 947 Inutilis
1255 905 1558 948 incommodus

96 979 371 1033 101nterpres
405 977 546 1019 malus
1048 977 1174 1020 Iocus
1207 978 1390 1020 lasciuia
1419 977 1541 1019 lusus
1577 977 1780 1019 caciimus
1927 990 1962 1015 35

147 1050 428 1093 Intestabiles
462 1050 554 1092 sine
588 1050 739 1092 fraude
766 1050 858 1092 sine
888 1050 1011 1092 testi-
1049 1049 1177 1104 Ipsus
1212 1065 1421 1105 apsepsus
1455 1050 1547 1105 ipse

207 1123 356 1165 monio
1047 1121 1215 1178 Ippago
1250 1122 1499 1178 aurigarius

147 1196 413 1238 Intestinum
445 1195 650 1237 intimum
684 1195 973 1238 domesticum
1047 1193 1287 1236 Iracundus
1319 1194 1513 1236 fei-bidus
1550 1193 1692 1235 minax

146 1267 336 1310 Intimus
368 1268 552 1310 interior
579 1266 846 1310 domesticus
874 1267 1008 1310 hono·
1046 1266 1202 1308 irascit
1235 1269 1459 1309 suscenset
1491 1266 1692 1322 indignat

207 1343 329 1382 ratus
361 1341 610 1396 praeclarus
1045 1338 1128 1381 Iris
1162 1354 1287 1381 arcus
1323 1339 1523 1381 caelestis
1927 1352 1962 1374 40

146 1413 292 1455 Intrat
324 1415 526 1469 penetrat
1047 1411 1089 1453 It
1121 1411 1243 1453 uadit

95 1496 128 1522 15
147 1484 369 1541 Intrepide
403 1485 703 1528 indubitanter
1047 1484 1140 1526 ltus
1174 1499 1350 1541 gressus

145 1556 369 1600 Introrsus
403 1557 633 1614 interius1)
1047 1557 1115 1599 lta
1148 1571 1252 1598 uero
1286 1556 1321 1598 it
1355 1558 1518 1597 mestec

144 1629 349 1672 Intuetur
382 1631 520 1672 cernit
552 1631 664 1672 uidit
697 1631 876 1686 inspicit
1046 1624 1909 1683 Ididemffidemiterumaclquaeiterum2)

144 1702 320 1744 Inuadit
353 1703 608 1758 superuenit
640 1704 808 1759 ingruit
1045 1702 1183 1744 Itiner
1215 1702 1299 1743 iter
1332 1702 1513 1757 longum
1925 1712 1960 1737 45

146 1774 346 1817 Inualida
378 1775 553 1817 infirma
584 1776 815 1818 inrobusta
1046 1775 1089 1816 It
1124 1789 1190 1816 me
1223 1774 1287 1816 ita
1319 1788 1423 1816 uero

95 1847 324 1890 201nuenit
358 1848 558 1890 deuertat
1047 1847 1179 1889 Iubar
1229 1846 1384 1889 lucifer
1435 1846 1611 1889 claritas
1657 1845 1727 1888 uel
1779 1848 1903 1887 ostus

147 1920 358 1963 Inuentor
392 1923 589 1975 repertor
1107 1918 1212 1961 solis

146 1993 309 2035 Inuexo
344 1992 545 2035 absoloto
1048 1991 1299 2033 Iucunditas
1334 1990 1558 2033 dilecta-tio
1593 1989 1850 2032 animositas

53 2073 121 2104 85¹²
147 2064 343 2108 Inuiccm
376 2065 594 2108 alternum
1046 2064 1265 2106 Iucundus
1298 2064 1438 2106 laetus
1475 2062 1666 2119 gaudens

147 2137 345 2180 Inbicilis
373 2137 571 2181 infirmus
596 2142 774 2194 egrotos
796 2139 1008 2181 inluctua·
1047 2137 1217 2180 Iudicat
1250 2135 1444 2179 decernit
1477 2134 1656 2190 exponit
1689 2136 1904 2176 memorat
1926 2146 1960 2170 50

209 2211 311 2252 bilis
1046 2209 1215 2251 Iudices
1249 2223 1451 2252 censures

94 2295 128 2320 25
148 2282 320 2325 Inuidia
352 2283 522 2326 zoelum
1047 2281 1260 2324 Iudicium
1283 2283 1640 2336 recoparatorum
1662 2279 1906 2335 ubi-agitur

147 2354 397 2398 Inuidiosus
432 2356 505 2412 qui
537 2356 749 2398 inuidiam
781 2357 897 2412 patit
1108 2353 1464 2409 obreparationes
1498 2367 1653 2395 causae

246 2464 280 2507 1)
309 2467 356 2498 16
381 2468 414 2499 et
442 2467 487 2498 17
512 2464 789 2509 coniunyzmtur
808 2466 819 2508 ΙΙ
839 2465 875 2509 2)
901 2463 1040 2498 Iterum
1068 2472 1090 2496 a
1112 2492 1117 2497 .
1140 2460 1153 2495 i
1175 2490 1181 2496 .
1202 2472 1334 2497 novam
1358 2461 1405 2506 91.
1433 2460 1601 2504 efftcizmt
1619 2460 1631 2503 ΙΙ

243 2563 277 2595 4.
306 2559 371 2604 qui
397 2561 474 2596 abc
496 2562 500 2604 1
523 2558 716 2594 renuntiat
742 2560 846 2595 aede
865 2561 877 2605 ΙΙ
899 2565 929 2595 6.
956 2556 1222 2604 Interpellauit
1247 2569 1296 2592 ac
1315 2559 1326 2601 ΙΙ
1347 2560 1378 2592 8.
1400 2555 1533 2590 inserit
1552 2555 1686 2591 abcde
1705 2555 1717 2598 ΙΙ
1737 2558 1768 2588 9.
1795 2552 1908 2587 inter-

149 2618 237 2654 ania
263 2631 312 2656 ac
331 2622 342 2665 ΙΙ
367 2623 419 2655 10.
445 2620 608 2654 Interres
635 2631 684 2655 ac
708 2621 720 2664 ΙΙ
751 2625 804 2655 11.
831 2618 1069 2654 Intestabilis
1095 2619 1230 2654 abcde
1253 2620 1257 2661 Ι
1281 2617 1353 2651 fide
1380 2617 1428 2652 de
1447 2617 1459 2661 ss
1480 2620 1535 2651 17.
1562 2615 1670 2650 uidet
1694 2616 1741 2659 est
1761 2617 1817 2648 20.
1845 2612 1908 2647 de-

150 2679 265 2714 uertit
291 2681 338 2715 bc
369 2683 380 2724 ΙΙ
413 2684 468 2714 22.
497 2679 670 2714 absoluto
697 2681 798 2715 αὔοι)
824 2681 835 2724 11
865 2683 921 2714 24.
947 2677 1140 2714 Inbecillis
1169 2679 1198 2713 b.
1243 2675 1428 2711 Inbicillis
1454 2688 1503 2712 ae
1532 2680 1536 2719 ι
1566 2676 1718 2720 egrotus
1745 2675 1791 2709 bc
1819 2675 1824 2718 Ι
1852 2672 1908 2706 'm-

149 2739 390 2775 eluctuabilis
411 2741 489 2775 abc
508 2741 518 2784 ΙΙ
539 2744 594 2774 25.
609 2739 730 2774 zelum
750 2740 884 2775 abedo
903 2741 915 2784 ΙΙ
935 2743 991 2774 26.
1006 2737 1151 2783 patitur
1164 2738 1213 2772 de
1232 2739 1243 2782 Η
1264 2740 1320 2771 27.
1334 2735 1560 2771 felicitatem
1575 2736 1632 2770 de.
1659 2731 1838 2768 felicitati
1857 2734 1876 2768 b
1900 2732 1904 2779 Ι

149 2799 366 2835 inimicatur
391 2801 526 2835 abcdc
545 2803 556 2843 ΙΙ
577 2804 633 2835 28.
654 2799 910 2835 Inuiolantum
936 2811 985 2834 ac
1004 2801 1015 2844 ΙΙ
1036 2803 1091 2834 29.
1112 2796 1235 2832 uideri
1253 2797 1388 2832 cabade
1408 2798 1419 2841 ΙΙ
1439 2801 1494 2831 30.
1518 2793 1718 2830 ΑΒΑΤΟΝ
1737 2794 1824 2829 add.
1845 2805 1906 2829 ac.

150 2860 291 2895 abaton
312 2861 396 2895 add.
413 2861 432 2895 b
452 2862 464 2905 11
484 2863 540 2895 31.
554 2859 776 2894 Inhumatus
797 2860 898 2895 bede
919 2861 929 2904 ΙΙ
950 2863 1006 2894 35.
1020 2856 1202 2892 lasciuiae
1223 2869 1272 2893 ac
1291 2859 1302 2901 ΙΙ
1322 2860 1378 2892 36.
1395 2848 1442 2904 αἶ)
1465 2867 1595 2901 scpsus
1617 2858 1761 2899 (sepsos
1781 2854 1821 2897 d)
1844 2853 1906 2888 bd.

150 2931 281 2966 sepsus
302 2932 350 2955 ac
369 2922 381 2965 ΙΙ
401 2923 457 2955 38.
477 2918 645 2954 feruidus
665 2920 800 2955 abcde
819 2921 831 2965 ΙΙ
852 2924 908 2954 39.
929 2916 1108 2953 Irascitur
1127 2918 1262 2952 abcde
1284 2919 1288 2962 Ι
1312 2916 1514 2952 succendet
1533 2927 1617 2951 ace.
1649 2912 1836 2948 succensit
1856 2913 1875 2948 b
1900 2912 1904 2959 Ι

149 2979 370 3025 indignatur
395 2980 505 3015 abed
530 2981 541 3024 ΙΙ
567 2983 624 3015 40.
651 2980 838 3015 caelestus
865 2991 914 3015 ac
939 2981 950 3024 ῙΙ
976 2981 1032 3014 44.
1058 2977 1316 3012 Itidemtidem
1342 2978 1376 3012 cl.
1423 2974 1665 3011 ltidentidem
1692 2975 1737 3009 be
1759 2976 1764 3018 Ι
1793 2975 1907 3018 atque

150 3041 283 3076 abcde
302 3043 313 3085 ΙΙ
333 3043 390 3075 47.
405 3041 509 3074 ortus
530 3040 610 3075 abc
628 3041 640 3083 ΙΙ
658 3043 715 3075 48.
737 3038 953 3074 Iocunditas
976 3041 1013 3082 (o
1034 3049 1078 3073 ex
1097 3049 1121 3072 u
1141 3041 1180 3082 a)
1203 3037 1337 3073 abccle
1356 3045 1358 3083 1
1377 3034 1578 3072 delectatio
1600 3035 1733 3070 abccle
1755 3036 1760 3078 1
1784 3043 1907 3068 amoe-

149 3099 249 3135 nitas
277 3101 365 3143 bclc.
404 3098 654 3134 ammoenitas
681 3102 730 3136 ἁσ
761 3101 772 3145 ss
803 3103 859 3135 49,
886 3098 1072 3133 Iocundus
1098 3098 1232 3133 abcde
1263 3098 1274 3142 ΙΙ
1307 3101 1363 3133 51.
1390 3106 1560 3131 censores
1587 3095 1636 3130 de
1673 3096 1684 3138 ΙΙ
1722 3097 1778 3129 52.
1803 3104 1907 3128 recu-

150 3161 366 3205 peratorum
392 3161 526 3195 ‹cbcde
548 3162 553 3206 Ι
576 3159 875 3205 obreparationis
902 3160 992 3194 bde.
1044 3157 1353 3204 opreparationes
1380 3168 1430 3192 ac
1452 3163 1456 3201 ξ
1480 3166 1616 3190 causae
1642 3166 1708 3190 om.
1736 3166 1786 3190 ac
1805 3157 1817 3199 ΙΙ
