<?xml version="1.0" encoding="UTF-8"?>
<!DOCTYPE html PUBLIC "-//W3C//DTD XHTML 1.0 Transitional//EN"
    "http://www.w3.org/TR/xhtml1/DTD/xhtml1-transitional.dtd">
<html xmlns="http://www.w3.org/1999/xhtml" xml:lang="en" lang="en">
 <head>
  <title>
</title>
<meta http-equiv="Content-Type" content="text/html;charset=utf-8" />
  <meta name='ocr-system' content='tesseract 3.04.00' />
  <meta name='ocr-capabilities' content='ocr_page ocr_carea ocr_par ocr_line ocrx_word'/>
</head>
<body>
  <div class='ocr_page' id='page_1' title='image "./corpusglossarior04linduoft/corpusglossarior04linduoft_0567.png"; bbox 0 0 2170 3522; ppageno 0'>
   <div class='ocr_carea' id='block_1_1' title="bbox 781 163 1240 201">
    <p class='ocr_par' dir='ltr' id='par_1_1' title="bbox 781 163 1240 201">
     <span class='ocr_line' id='line_1_1' title="bbox 781 163 1240 201; baseline 0.004 -3"><span class='ocrx_word' id='word_1_1' title='bbox 781 163 997 200; x_wconf 84' lang='lat' dir='ltr'>GLOSSAE</span> <span class='ocrx_word' id='word_1_2' title='bbox 1023 165 1240 201; x_wconf 86' lang='lat' dir='ltr'><strong>AFFATIM</strong></span> 
     </span>
    </p>
   </div>
   <div class='ocr_carea' id='block_1_2' title="bbox 26 273 993 2721">
    <p class='ocr_par' dir='ltr' id='par_1_2' title="bbox 26 273 993 2721">
     <span class='ocr_line' id='line_1_2' title="bbox 122 273 854 329; baseline 0.001 -15"><span class='ocrx_word' id='word_1_3' title='bbox 122 273 318 315; x_wconf 85' lang='lat' dir='ltr'>Exurere</span> <span class='ocrx_word' id='word_1_4' title='bbox 351 273 626 329; x_wconf 85' lang='lat' dir='ltr'>incendere¹)</span> <span class='ocrx_word' id='word_1_5' title='bbox 661 289 854 316; x_wconf 87' lang='lat' dir='ltr'>cremare</span> 
     </span>
     <span class='ocr_line' id='line_1_3' title="bbox 123 345 989 402; baseline 0.002 -16"><span class='ocrx_word' id='word_1_6' title='bbox 123 345 359 387; x_wconf 83' lang='lat' dir='ltr'>Effundere</span> <span class='ocrx_word' id='word_1_7' title='bbox 405 346 607 387; x_wconf 86' lang='lat' dir='ltr'>emittere</span> <span class='ocrx_word' id='word_1_8' title='bbox 653 349 730 388; x_wconf 81' lang='lat' dir='ltr'>aut</span> <span class='ocrx_word' id='word_1_9' title='bbox 783 360 989 402; x_wconf 83' lang='lat' dir='ltr'>spargere</span> 
     </span>
     <span class='ocr_line' id='line_1_4' title="bbox 184 416 583 473; baseline 0.005 -15"><span class='ocrx_word' id='word_1_10' title='bbox 184 420 261 458; x_wconf 89' lang='lat' dir='ltr'>aut</span> <span class='ocrx_word' id='word_1_11' title='bbox 293 416 583 473; x_wconf 73' lang='lat' dir='ltr'>interficere2)</span> 
     </span>
     <span class='ocr_line' id='line_1_5' title="bbox 26 487 569 534; baseline 0.004 -5"><span class='ocrx_word' id='word_1_12' title='bbox 26 499 88 534; x_wconf 78' lang='lat'>25¹</span> <span class='ocrx_word' id='word_1_13' title='bbox 125 487 327 531; x_wconf 75' lang='lat' dir='ltr'>Excubat</span> <span class='ocrx_word' id='word_1_14' title='bbox 360 490 569 531; x_wconf 73' lang='lat' dir='ltr'><strong>obserbat</strong></span> 
     </span>
     <span class='ocr_line' id='line_1_6' title="bbox 122 560 905 617; baseline 0 -15"><span class='ocrx_word' id='word_1_15' title='bbox 122 560 304 603; x_wconf 84' lang='lat' dir='ltr'>Effutile</span> <span class='ocrx_word' id='word_1_16' title='bbox 338 561 484 617; x_wconf 84' lang='lat' dir='ltr'>eloqui</span> <span class='ocrx_word' id='word_1_17' title='bbox 517 565 681 603; x_wconf 88' lang='lat' dir='ltr'>temere</span> <span class='ocrx_word' id='word_1_18' title='bbox 713 561 905 603; x_wconf 88' lang='lat' dir='ltr'>inaniter</span> 
     </span>
     <span class='ocr_line' id='line_1_7' title="bbox 87 633 988 689; baseline 0 -15"><span class='ocrx_word' id='word_1_19' title='bbox 87 646 104 672; x_wconf 87' lang='lat'><strong>5</strong></span> <span class='ocrx_word' id='word_1_20' title='bbox 123 633 405 689; x_wconf 86' lang='lat' dir='ltr'>Enumquam</span> <span class='ocrx_word' id='word_1_21' title='bbox 437 637 482 677; x_wconf 87' lang='lat' dir='ltr'>et</span> <span class='ocrx_word' id='word_1_22' title='bbox 509 635 683 689; x_wconf 89' lang='lat' dir='ltr'>quando</span> <span class='ocrx_word' id='word_1_23' title='bbox 711 637 788 675; x_wconf 89' lang='lat' dir='ltr'>aut</span> <span class='ocrx_word' id='word_1_24' title='bbox 815 633 988 688; x_wconf 87' lang='lat' dir='ltr'>quando</span> 
     </span>
     <span class='ocr_line' id='line_1_8' title="bbox 122 705 467 748; baseline 0.003 -1"><span class='ocrx_word' id='word_1_25' title='bbox 122 705 285 748; x_wconf 90' lang='lat' dir='ltr'>Educit</span> <span class='ocrx_word' id='word_1_26' title='bbox 316 707 467 748; x_wconf 87' lang='lat' dir='ltr'>nutrix</span> 
     </span>
     <span class='ocr_line' id='line_1_9' title="bbox 122 777 958 821; baseline -0.001 -1"><span class='ocrx_word' id='word_1_27' title='bbox 122 777 333 821; x_wconf 85' lang='lat' dir='ltr'>Euiratus</span> <span class='ocrx_word' id='word_1_28' title='bbox 367 778 644 821; x_wconf 86' lang='lat' dir='ltr'>effeminatus</span> <span class='ocrx_word' id='word_1_29' title='bbox 677 780 754 820; x_wconf 88' lang='lat' dir='ltr'>aut</span> <span class='ocrx_word' id='word_1_30' title='bbox 787 777 958 819; x_wconf 87' lang='lat' dir='ltr'>eneruis</span> 
     </span>
     <span class='ocr_line' id='line_1_10' title="bbox 122 851 754 893; baseline -0.002 0"><span class='ocrx_word' id='word_1_31' title='bbox 122 851 282 893; x_wconf 88' lang='lat' dir='ltr'>Euirat</span> <span class='ocrx_word' id='word_1_32' title='bbox 313 851 535 893; x_wconf 87' lang='lat' dir='ltr'>examinat</span> <span class='ocrx_word' id='word_1_33' title='bbox 567 854 754 893; x_wconf 84' lang='lat' dir='ltr'>euacuat</span> 
     </span>
     <span class='ocr_line' id='line_1_11' title="bbox 121 922 988 966; baseline -0.002 0"><span class='ocrx_word' id='word_1_34' title='bbox 121 923 310 966; x_wconf 84' lang='lat' dir='ltr'>Eructat</span> <span class='ocrx_word' id='word_1_35' title='bbox 349 938 374 965; x_wconf 86' lang='lat' dir='ltr'>a</span> <span class='ocrx_word' id='word_1_36' title='bbox 409 924 538 966; x_wconf 88' lang='lat' dir='ltr'>corde</span> <span class='ocrx_word' id='word_1_37' title='bbox 573 923 715 965; x_wconf 90' lang='lat' dir='ltr'>mittis</span> <span class='ocrx_word' id='word_1_38' title='bbox 749 925 825 964; x_wconf 91' lang='lat' dir='ltr'>aut</span> <span class='ocrx_word' id='word_1_39' title='bbox 858 922 988 964; x_wconf 88' lang='lat' dir='ltr'>abtus</span> 
     </span>
     <span class='ocr_line' id='line_1_12' title="bbox 181 995 465 1039; baseline -0.007 0"><span class='ocrx_word' id='word_1_40' title='bbox 181 995 290 1039; x_wconf 89' lang='lat' dir='ltr'>foris</span> <span class='ocrx_word' id='word_1_41' title='bbox 323 996 465 1038; x_wconf 91' lang='lat' dir='ltr'>mittit</span> 
     </span>
     <span class='ocr_line' id='line_1_13' title="bbox 70 1068 799 1124; baseline -0.001 -14"><span class='ocrx_word' id='word_1_42' title='bbox 70 1081 103 1105; x_wconf 90' lang='lat'>10</span> <span class='ocrx_word' id='word_1_43' title='bbox 121 1068 308 1110; x_wconf 89' lang='lat' dir='ltr'>Exultat</span> <span class='ocrx_word' id='word_1_44' title='bbox 339 1084 428 1111; x_wconf 92' lang='lat' dir='ltr'>non</span> <span class='ocrx_word' id='word_1_45' title='bbox 460 1071 578 1111; x_wconf 85' lang='lat' dir='ltr'>tacet</span> <span class='ocrx_word' id='word_1_46' title='bbox 611 1068 799 1124; x_wconf 85' lang='lat' dir='ltr'>egaudet</span> 
     </span>
     <span class='ocr_line' id='line_1_14' title="bbox 121 1140 680 1197; baseline -0.004 -14"><span class='ocrx_word' id='word_1_47' title='bbox 121 1140 415 1197; x_wconf 86' lang='lat' dir='ltr'>Euangelizat</span> <span class='ocrx_word' id='word_1_48' title='bbox 448 1140 680 1183; x_wconf 74' lang='lat' dir='ltr'>adnuntiat</span> 
     </span>
     <span class='ocr_line' id='line_1_15' title="bbox 121 1212 597 1256; baseline -0.002 -1"><span class='ocrx_word' id='word_1_49' title='bbox 121 1212 349 1256; x_wconf 88' lang='lat' dir='ltr'>Emulatio</span> <span class='ocrx_word' id='word_1_50' title='bbox 382 1212 597 1255; x_wconf 83' lang='lat' dir='ltr'>dissensio</span> 
     </span>
     <span class='ocr_line' id='line_1_16' title="bbox 121 1286 509 1329; baseline -0.003 -1"><span class='ocrx_word' id='word_1_51' title='bbox 121 1286 283 1329; x_wconf 91' lang='lat' dir='ltr'>Emulo</span> <span class='ocrx_word' id='word_1_52' title='bbox 318 1286 509 1328; x_wconf 88' lang='lat' dir='ltr'>similem</span> 
     </span>
     <span class='ocr_line' id='line_1_17' title="bbox 122 1357 584 1415; baseline -0.004 -14"><span class='ocrx_word' id='word_1_53' title='bbox 122 1357 331 1415; x_wconf 65' lang='lat' dir='ltr'>Emuluss)</span> <span class='ocrx_word' id='word_1_54' title='bbox 367 1358 460 1400; x_wconf 87' lang='lat' dir='ltr'>sinc</span> <span class='ocrx_word' id='word_1_55' title='bbox 493 1358 584 1400; x_wconf 92' lang='lat' dir='ltr'>ullo</span> 
     </span>
     <span class='ocr_line' id='line_1_18' title="bbox 71 1429 990 1473; baseline -0.003 0"><span class='ocrx_word' id='word_1_56' title='bbox 71 1441 103 1467; x_wconf 87' lang='lat'>15</span> <span class='ocrx_word' id='word_1_57' title='bbox 122 1429 285 1473; x_wconf 84' lang='lat' dir='ltr'>Emula</span> <span class='ocrx_word' id='word_1_58' title='bbox 329 1431 551 1473; x_wconf 85' lang='lat' dir='ltr'>contraria</span> <span class='ocrx_word' id='word_1_59' title='bbox 596 1433 673 1472; x_wconf 88' lang='lat' dir='ltr'>aut</span> <span class='ocrx_word' id='word_1_60' title='bbox 711 1429 891 1471; x_wconf 87' lang='lat' dir='ltr'>inimica</span> <span class='ocrx_word' id='word_1_61' title='bbox 929 1429 990 1470; x_wconf 91' lang='lat' dir='ltr'>in-</span> 
     </span>
     <span class='ocr_line' id='line_1_19' title="bbox 182 1503 336 1546; baseline 0.006 -1"><span class='ocrx_word' id='word_1_62' title='bbox 182 1503 336 1546; x_wconf 89' lang='lat' dir='ltr'>uidens</span> 
     </span>
     <span class='ocr_line' id='line_1_20' title="bbox 121 1575 624 1619; baseline -0.002 -1"><span class='ocrx_word' id='word_1_63' title='bbox 121 1575 296 1618; x_wconf 89' lang='lat' dir='ltr'>Emulis</span> <span class='ocrx_word' id='word_1_64' title='bbox 330 1575 624 1619; x_wconf 83' lang='lat' dir='ltr'>eminentibus</span> 
     </span>
     <span class='ocr_line' id='line_1_21' title="bbox 121 1646 991 1707; baseline -0.005 -16"><span class='ocrx_word' id='word_1_65' title='bbox 121 1647 395 1707; x_wconf 86' lang='lat' dir='ltr'>Exculentus</span> <span class='ocrx_word' id='word_1_66' title='bbox 442 1648 581 1690; x_wconf 84' lang='lat' dir='ltr'>aescis</span> <span class='ocrx_word' id='word_1_67' title='bbox 620 1646 805 1689; x_wconf 90' lang='lat' dir='ltr'>nimium</span> <span class='ocrx_word' id='word_1_68' title='bbox 846 1646 991 1701; x_wconf 88' lang='lat' dir='ltr'>inpor-</span> 
     </span>
     <span class='ocr_line' id='line_1_22' title="bbox 184 1723 316 1763; baseline 0 0"><span class='ocrx_word' id='word_1_69' title='bbox 184 1723 316 1763; x_wconf 87' lang='lat' dir='ltr'>tunus</span> 
     </span>
     <span class='ocr_line' id='line_1_23' title="bbox 123 1792 922 1849; baseline -0.004 -14"><span class='ocrx_word' id='word_1_70' title='bbox 123 1793 402 1849; x_wconf 86' lang='lat' dir='ltr'>Epulaticius</span> <span class='ocrx_word' id='word_1_71' title='bbox 437 1793 511 1849; x_wconf 88' lang='lat' dir='ltr'>qui</span> <span class='ocrx_word' id='word_1_72' title='bbox 545 1792 646 1848; x_wconf 86' lang='lat' dir='ltr'>epul</span> <span class='ocrx_word' id='word_1_73' title='bbox 678 1792 754 1834; x_wconf 79' lang='lat' dir='ltr'>(lat</span> <span class='ocrx_word' id='word_1_74' title='bbox 788 1805 922 1846; x_wconf 82' lang='lat' dir='ltr'>opera</span> 
     </span>
     <span class='ocr_line' id='line_1_24' title="bbox 123 1865 673 1921; baseline -0.002 -14"><span class='ocrx_word' id='word_1_75' title='bbox 123 1865 373 1921; x_wconf 87' lang='lat' dir='ltr'>Epulantur</span> <span class='ocrx_word' id='word_1_76' title='bbox 406 1866 673 1908; x_wconf 85' lang='lat' dir='ltr'>manducant</span> 
     </span>
     <span class='ocr_line' id='line_1_25' title="bbox 69 1936 922 1992; baseline -0.004 -12"><span class='ocrx_word' id='word_1_77' title='bbox 69 1951 104 1975; x_wconf 82' lang='lat'>20</span> <span class='ocrx_word' id='word_1_78' title='bbox 123 1937 216 1980; x_wconf 90' lang='lat' dir='ltr'>Esu</span> <span class='ocrx_word' id='word_1_79' title='bbox 251 1938 618 1992; x_wconf 82' lang='lat' dir='ltr'>&lt;manducatione</span> <span class='ocrx_word' id='word_1_80' title='bbox 652 1936 922 1980; x_wconf 83' lang='lat' dir='ltr'>comestione</span> 
     </span>
     <span class='ocr_line' id='line_1_26' title="bbox 123 2010 633 2066; baseline -0.002 -13"><span class='ocrx_word' id='word_1_81' title='bbox 123 2010 263 2066; x_wconf 85' lang='lat' dir='ltr'>Esui&gt;</span> <span class='ocrx_word' id='word_1_82' title='bbox 297 2010 633 2054; x_wconf 88' lang='lat' dir='ltr'>manducatione</span> 
     </span>
     <span class='ocr_line' id='line_1_27' title="bbox 123 2083 549 2127; baseline 0 -1"><span class='ocrx_word' id='word_1_83' title='bbox 123 2083 160 2126; x_wconf 90' lang='lat' dir='ltr'>E</span> <span class='ocrx_word' id='word_1_84' title='bbox 193 2084 309 2127; x_wconf 91' lang='lat' dir='ltr'>nube</span> <span class='ocrx_word' id='word_1_85' title='bbox 344 2087 420 2126; x_wconf 89' lang='lat' dir='ltr'>aut</span> <span class='ocrx_word' id='word_1_86' title='bbox 451 2099 549 2127; x_wconf 90' lang='lat' dir='ltr'>aere</span> 
     </span>
     <span class='ocr_line' id='line_1_28' title="bbox 122 2156 585 2200; baseline -0.004 -1"><span class='ocrx_word' id='word_1_87' title='bbox 122 2156 320 2199; x_wconf 85' lang='lat' dir='ltr'>Erumna</span> <span class='ocrx_word' id='word_1_88' title='bbox 352 2157 585 2200; x_wconf 77' lang='lat' dir='ltr'>calamitas</span> 
     </span>
     <span class='ocr_line' id='line_1_29' title="bbox 124 2229 514 2272; baseline 0.003 -1"><span class='ocrx_word' id='word_1_89' title='bbox 124 2229 334 2272; x_wconf 86' lang='lat' dir='ltr'>Erumnis</span> <span class='ocrx_word' id='word_1_90' title='bbox 367 2229 514 2272; x_wconf 87' lang='lat' dir='ltr'>luctus</span> 
     </span>
     <span class='ocr_line' id='line_1_30' title="bbox 71 2301 777 2345; baseline -0.001 -2"><span class='ocrx_word' id='word_1_91' title='bbox 71 2312 105 2338; x_wconf 85' lang='lat'>25</span> <span class='ocrx_word' id='word_1_92' title='bbox 125 2301 348 2345; x_wconf 77' lang='lat' dir='ltr'>Eruncare</span> <span class='ocrx_word' id='word_1_93' title='bbox 382 2302 592 2345; x_wconf 87' lang='lat' dir='ltr'>radicitus</span> <span class='ocrx_word' id='word_1_94' title='bbox 626 2316 777 2344; x_wconf 87' lang='lat' dir='ltr'>eruere</span> 
     </span>
     <span class='ocr_line' id='line_1_31' title="bbox 126 2373 654 2431; baseline 0 -15"><span class='ocrx_word' id='word_1_95' title='bbox 126 2373 300 2431; x_wconf 82' lang='lat' dir='ltr'>Erugat</span> <span class='ocrx_word' id='word_1_96' title='bbox 332 2374 513 2430; x_wconf 89' lang='lat' dir='ltr'>planum</span> <span class='ocrx_word' id='word_1_97' title='bbox 547 2373 654 2417; x_wconf 87' lang='lat' dir='ltr'>facit</span> 
     </span>
     <span class='ocr_line' id='line_1_32' title="bbox 126 2447 560 2490; baseline 0 -1"><span class='ocrx_word' id='word_1_98' title='bbox 126 2447 326 2489; x_wconf 87' lang='lat' dir='ltr'>Euentus</span> <span class='ocrx_word' id='word_1_99' title='bbox 358 2447 560 2490; x_wconf 89' lang='lat' dir='ltr'>incursus</span> 
     </span>
     <span class='ocr_line' id='line_1_33' title="bbox 126 2519 638 2563; baseline -0.002 -1"><span class='ocrx_word' id='word_1_100' title='bbox 126 2519 359 2563; x_wconf 86' lang='lat' dir='ltr'>Euiscerat</span> <span class='ocrx_word' id='word_1_101' title='bbox 391 2520 638 2563; x_wconf 87' lang='lat' dir='ltr'>excomedit</span> 
     </span>
     <span class='ocr_line' id='line_1_34' title="bbox 126 2591 993 2648; baseline -0.002 -13"><span class='ocrx_word' id='word_1_102' title='bbox 126 2592 335 2635; x_wconf 90' lang='lat' dir='ltr'>Euitatus</span> <span class='ocrx_word' id='word_1_103' title='bbox 387 2592 650 2648; x_wconf 86' lang='lat' dir='ltr'>perterritus</span> <span class='ocrx_word' id='word_1_104' title='bbox 703 2594 778 2634; x_wconf 87' lang='lat' dir='ltr'>aut</span> <span class='ocrx_word' id='word_1_105' title='bbox 824 2591 993 2634; x_wconf 87' lang='lat' dir='ltr'>occisus</span> 
     </span>
     <span class='ocr_line' id='line_1_35' title="bbox 188 2665 623 2721; baseline 0 -14"><span class='ocrx_word' id='word_1_106' title='bbox 188 2667 264 2707; x_wconf 85' lang='lat' dir='ltr'>aut</span> <span class='ocrx_word' id='word_1_107' title='bbox 296 2665 392 2707; x_wconf 89' lang='lat' dir='ltr'>uita</span> <span class='ocrx_word' id='word_1_108' title='bbox 421 2665 623 2721; x_wconf 85' lang='lat' dir='ltr'>priuatus</span> 
     </span>
    </p>
   </div>
   <div class='ocr_carea' id='block_1_3' title="bbox 199 2757 337 2759">
    <p class='ocr_par' dir='ltr' id='par_1_3' title="bbox 199 2757 337 2759">
     <span class='ocr_line' id='line_1_36' title="bbox 199 2757 337 2759; baseline 0 0"><span class='ocrx_word' id='word_1_109' title='bbox 199 2757 337 2759; x_wconf 95' lang='lat' dir='ltr'> </span> 
     </span>
    </p>
   </div>
   <div class='ocr_carea' id='block_1_4' title="bbox 1804 168 1891 208">
    <p class='ocr_par' dir='ltr' id='par_1_4' title="bbox 1804 168 1891 208">
     <span class='ocr_line' id='line_1_37' title="bbox 1804 168 1891 208; baseline 0.023 -2"><span class='ocrx_word' id='word_1_110' title='bbox 1804 168 1891 208; x_wconf 67' lang='lat'>:315</span> 
     </span>
    </p>
   </div>
   <div class='ocr_carea' id='block_1_5' title="bbox 1027 275 1951 2285">
    <p class='ocr_par' dir='ltr' id='par_1_5' title="bbox 1027 275 1947 332">
     <span class='ocr_line' id='line_1_38' title="bbox 1027 275 1947 332; baseline -0.002 -15"><span class='ocrx_word' id='word_1_111' title='bbox 1027 275 1192 332; x_wconf 83' lang='lat' dir='ltr'>Eulogi</span> <span class='ocrx_word' id='word_1_112' title='bbox 1226 275 1432 317; x_wconf 86' lang='lat' dir='ltr'>uersiculi</span> <span class='ocrx_word' id='word_1_113' title='bbox 1912 289 1947 315; x_wconf 83' lang='lat'>30</span> 
     </span>
    </p>

    <p class='ocr_par' dir='ltr' id='par_1_6' title="bbox 1028 347 1296 404">
     <span class='ocr_line' id='line_1_39' title="bbox 1028 347 1296 404; baseline 0 -15"><span class='ocrx_word' id='word_1_114' title='bbox 1028 347 1153 404; x_wconf 83' lang='lat' dir='ltr'>Euge</span> <span class='ocrx_word' id='word_1_115' title='bbox 1186 347 1296 390; x_wconf 88' lang='lat' dir='ltr'>bene</span> 
     </span>
    </p>

    <p class='ocr_par' dir='ltr' id='par_1_7' title="bbox 1028 419 1462 476">
     <span class='ocr_line' id='line_1_40' title="bbox 1028 419 1462 476; baseline 0.002 -15"><span class='ocrx_word' id='word_1_116' title='bbox 1028 419 1206 461; x_wconf 89' lang='lat' dir='ltr'>Euertit</span> <span class='ocrx_word' id='word_1_117' title='bbox 1239 423 1462 476; x_wconf 81' lang='lat' dir='ltr'>expugnat</span> 
     </span>
    </p>

    <p class='ocr_par' dir='ltr' id='par_1_8' title="bbox 1028 491 1894 606">
     <span class='ocr_line' id='line_1_41' title="bbox 1028 491 1894 535; baseline 0.001 -2"><span class='ocrx_word' id='word_1_118' title='bbox 1028 491 1174 533; x_wconf 83' lang='lat' dir='ltr'>Eurus</span> <span class='ocrx_word' id='word_1_119' title='bbox 1218 506 1380 534; x_wconf 91' lang='lat' dir='ltr'>nomen</span> <span class='ocrx_word' id='word_1_120' title='bbox 1423 492 1545 534; x_wconf 90' lang='lat' dir='ltr'>uenti</span> <span class='ocrx_word' id='word_1_121' title='bbox 1586 493 1752 535; x_wconf 89' lang='lat' dir='ltr'>latione</span> <span class='ocrx_word' id='word_1_122' title='bbox 1795 493 1894 535; x_wconf 88' lang='lat' dir='ltr'>sub-</span> 
     </span>
     <span class='ocr_line' id='line_1_42' title="bbox 1089 564 1266 606; baseline 0 -1"><span class='ocrx_word' id='word_1_123' title='bbox 1089 564 1266 606; x_wconf 87' lang='lat' dir='ltr'>solanus</span> 
     </span>
    </p>

    <p class='ocr_par' dir='ltr' id='par_1_9' title="bbox 1027 635 1524 692">
     <span class='ocr_line' id='line_1_43' title="bbox 1027 635 1524 692; baseline 0.004 -15"><span class='ocrx_word' id='word_1_124' title='bbox 1027 635 1257 692; x_wconf 84' lang='lat' dir='ltr'>Effulgens</span> <span class='ocrx_word' id='word_1_125' title='bbox 1291 636 1524 692; x_wconf 84' lang='lat' dir='ltr'>splendens</span> 
     </span>
    </p>

    <p class='ocr_par' dir='ltr' id='par_1_10' title="bbox 1027 707 1948 765">
     <span class='ocr_line' id='line_1_44' title="bbox 1027 707 1948 765; baseline 0 -16"><span class='ocrx_word' id='word_1_126' title='bbox 1027 707 1254 764; x_wconf 81' lang='lat' dir='ltr'>Effugium</span> <span class='ocrx_word' id='word_1_127' title='bbox 1281 708 1355 763; x_wconf 88' lang='lat' dir='ltr'>qui</span> <span class='ocrx_word' id='word_1_128' title='bbox 1382 709 1432 750; x_wconf 88' lang='lat' dir='ltr'>de</span> <span class='ocrx_word' id='word_1_129' title='bbox 1460 709 1577 751; x_wconf 90' lang='lat' dir='ltr'>bello</span> <span class='ocrx_word' id='word_1_130' title='bbox 1599 710 1749 751; x_wconf 87' lang='lat' dir='ltr'>adtera</span> <span class='ocrx_word' id='word_1_131' title='bbox 1768 711 1892 765; x_wconf 83' lang='lat' dir='ltr'>parte</span> <span class='ocrx_word' id='word_1_132' title='bbox 1913 724 1948 749; x_wconf 90' lang='lat'>35</span> 
     </span>
    </p>

    <p class='ocr_par' dir='ltr' id='par_1_11' title="bbox 1027 780 1442 823">
     <span class='ocr_line' id='line_1_45' title="bbox 1027 780 1442 823; baseline 0.002 -2"><span class='ocrx_word' id='word_1_133' title='bbox 1027 780 1235 822; x_wconf 77' lang='lat' dir='ltr'>Excussit</span> <span class='ocrx_word' id='word_1_134' title='bbox 1267 780 1442 823; x_wconf 86' lang='lat' dir='ltr'>deieciit</span> 
     </span>
    </p>

    <p class='ocr_par' dir='ltr' id='par_1_12' title="bbox 1027 852 1894 980">
     <span class='ocr_line' id='line_1_46' title="bbox 1027 852 1894 896; baseline 0.002 -3"><span class='ocrx_word' id='word_1_135' title='bbox 1027 852 1266 894; x_wconf 88' lang='lat' dir='ltr'>Exulcerat</span> <span class='ocrx_word' id='word_1_136' title='bbox 1298 854 1543 895; x_wconf 87' lang='lat' dir='ltr'>excomedit</span> <span class='ocrx_word' id='word_1_137' title='bbox 1571 854 1791 896; x_wconf 85' lang='lat' dir='ltr'>consumit</span> <span class='ocrx_word' id='word_1_138' title='bbox 1818 857 1894 895; x_wconf 82' lang='lat' dir='ltr'>aut</span> 
     </span>
     <span class='ocr_line' id='line_1_47' title="bbox 1089 928 1320 980; baseline 0 -14"><span class='ocrx_word' id='word_1_139' title='bbox 1089 928 1320 980; x_wconf 82' lang='lat' dir='ltr'>exasperat</span> 
     </span>
    </p>

    <p class='ocr_par' dir='ltr' id='par_1_13' title="bbox 1027 996 1680 1040">
     <span class='ocr_line' id='line_1_48' title="bbox 1027 996 1680 1040; baseline 0.003 -2"><span class='ocrx_word' id='word_1_140' title='bbox 1027 996 1203 1038; x_wconf 84' lang='lat' dir='ltr'>Extulit</span> <span class='ocrx_word' id='word_1_141' title='bbox 1236 997 1457 1040; x_wconf 87' lang='lat' dir='ltr'>tundendo</span> <span class='ocrx_word' id='word_1_142' title='bbox 1492 999 1680 1040; x_wconf 80' lang='lat' dir='ltr'>extorsit</span> 
     </span>
    </p>

    <p class='ocr_par' dir='ltr' id='par_1_14' title="bbox 1028 1068 1894 1126">
     <span class='ocr_line' id='line_1_49' title="bbox 1028 1068 1894 1126; baseline 0.002 -16"><span class='ocrx_word' id='word_1_143' title='bbox 1028 1068 1212 1111; x_wconf 85' lang='lat' dir='ltr'>Excutit</span> <span class='ocrx_word' id='word_1_144' title='bbox 1249 1069 1456 1124; x_wconf 85' lang='lat' dir='ltr'>exprimit</span> <span class='ocrx_word' id='word_1_145' title='bbox 1497 1070 1646 1126; x_wconf 79' lang='lat' dir='ltr'>signat</span> <span class='ocrx_word' id='word_1_146' title='bbox 1679 1070 1894 1113; x_wconf 82' lang='lat' dir='ltr'>afabricat</span> 
     </span>
    </p>

    <p class='ocr_par' dir='ltr' id='par_1_15' title="bbox 1027 1140 1948 1183">
     <span class='ocr_line' id='line_1_50' title="bbox 1027 1140 1948 1183; baseline 0.003 -1"><span class='ocrx_word' id='word_1_147' title='bbox 1027 1140 1203 1182; x_wconf 89' lang='lat' dir='ltr'>Extulit</span> <span class='ocrx_word' id='word_1_148' title='bbox 1236 1141 1375 1183; x_wconf 90' lang='lat' dir='ltr'>erexit</span> <span class='ocrx_word' id='word_1_149' title='bbox 1913 1157 1948 1180; x_wconf 79' lang='lat'>40</span> 
     </span>
    </p>

    <p class='ocr_par' dir='ltr' id='par_1_16' title="bbox 1027 1213 1460 1270">
     <span class='ocr_line' id='line_1_51' title="bbox 1027 1213 1460 1270; baseline 0.002 -16"><span class='ocrx_word' id='word_1_150' title='bbox 1027 1213 1186 1256; x_wconf 88' lang='lat' dir='ltr'>Elucet</span> <span class='ocrx_word' id='word_1_151' title='bbox 1218 1213 1460 1270; x_wconf 85' lang='lat' dir='ltr'>praefulgit</span> 
     </span>
    </p>

    <p class='ocr_par' dir='ltr' id='par_1_17' title="bbox 1028 1285 1700 1342">
     <span class='ocr_line' id='line_1_52' title="bbox 1028 1285 1700 1342; baseline 0.001 -15"><span class='ocrx_word' id='word_1_152' title='bbox 1028 1285 1231 1327; x_wconf 88' lang='lat' dir='ltr'>Enudare</span> <span class='ocrx_word' id='word_1_153' title='bbox 1265 1287 1452 1328; x_wconf 80' lang='lat' dir='ltr'>enodare</span> <span class='ocrx_word' id='word_1_154' title='bbox 1486 1301 1700 1342; x_wconf 82' lang='lat' dir='ltr'>exponere</span> 
     </span>
    </p>

    <p class='ocr_par' dir='ltr' id='par_1_18' title="bbox 1028 1358 1594 1416">
     <span class='ocr_line' id='line_1_53' title="bbox 1028 1358 1594 1416; baseline 0.004 -17"><span class='ocrx_word' id='word_1_155' title='bbox 1028 1358 1323 1400; x_wconf 86' lang='lat' dir='ltr'>Enucleatum</span> <span class='ocrx_word' id='word_1_156' title='bbox 1355 1362 1594 1416; x_wconf 83' lang='lat' dir='ltr'>purgatum</span> 
     </span>
    </p>

    <p class='ocr_par' dir='ltr' id='par_1_19' title="bbox 1027 1430 1715 1474">
     <span class='ocr_line' id='line_1_54' title="bbox 1027 1430 1715 1474; baseline 0.001 -2"><span class='ocrx_word' id='word_1_157' title='bbox 1027 1430 1226 1472; x_wconf 89' lang='lat' dir='ltr'>Exuuiae</span> <span class='ocrx_word' id='word_1_158' title='bbox 1260 1433 1406 1473; x_wconf 86' lang='lat' dir='ltr'>uestes</span> <span class='ocrx_word' id='word_1_159' title='bbox 1440 1434 1715 1474; x_wconf 87' lang='lat' dir='ltr'>mortuorum</span> 
     </span>
    </p>

    <p class='ocr_par' dir='ltr' id='par_1_20' title="bbox 1028 1503 1949 1618">
     <span class='ocr_line' id='line_1_55' title="bbox 1028 1503 1949 1558; baseline 0.002 -14"><span class='ocrx_word' id='word_1_160' title='bbox 1028 1503 1202 1545; x_wconf 88' lang='lat' dir='ltr'>Exutus</span> <span class='ocrx_word' id='word_1_161' title='bbox 1217 1503 1465 1558; x_wconf 88' lang='lat' dir='ltr'>expoliatus</span> <span class='ocrx_word' id='word_1_162' title='bbox 1487 1506 1564 1545; x_wconf 86' lang='lat' dir='ltr'>aut</span> <span class='ocrx_word' id='word_1_163' title='bbox 1577 1503 1766 1546; x_wconf 89' lang='lat' dir='ltr'>uinculis</span> <span class='ocrx_word' id='word_1_164' title='bbox 1780 1519 1893 1546; x_wconf 79' lang='lat' dir='ltr'>nexu</span> <span class='ocrx_word' id='word_1_165' title='bbox 1915 1518 1949 1542; x_wconf 72' lang='lat'>4⁵</span> 
     </span>
     <span class='ocr_line' id='line_1_56' title="bbox 1089 1575 1304 1618; baseline 0.005 -1"><span class='ocrx_word' id='word_1_166' title='bbox 1089 1575 1304 1618; x_wconf 88' lang='lat' dir='ltr'>liberatus</span> 
     </span>
    </p>

    <p class='ocr_par' dir='ltr' id='par_1_21' title="bbox 1029 1648 1781 1704">
     <span class='ocr_line' id='line_1_57' title="bbox 1029 1648 1781 1704; baseline 0.001 -14"><span class='ocrx_word' id='word_1_167' title='bbox 1029 1648 1166 1690; x_wconf 86' lang='lat' dir='ltr'>Exuit</span> <span class='ocrx_word' id='word_1_168' title='bbox 1199 1648 1403 1704; x_wconf 88' lang='lat' dir='ltr'>deposuit</span> <span class='ocrx_word' id='word_1_169' title='bbox 1435 1649 1506 1691; x_wconf 87' lang='lat' dir='ltr'>uel</span> <span class='ocrx_word' id='word_1_170' title='bbox 1540 1649 1781 1704; x_wconf 83' lang='lat' dir='ltr'>expoliauit</span> 
     </span>
    </p>

    <p class='ocr_par' dir='ltr' id='par_1_22' title="bbox 1029 1720 1456 1777">
     <span class='ocr_line' id='line_1_58' title="bbox 1029 1720 1456 1777; baseline -0.005 -13"><span class='ocrx_word' id='word_1_171' title='bbox 1029 1720 1226 1764; x_wconf 86' lang='lat' dir='ltr'>Euanuit</span> <span class='ocrx_word' id='word_1_172' title='bbox 1258 1721 1456 1777; x_wconf 82' lang='lat' dir='ltr'>elanguit</span> 
     </span>
    </p>

    <p class='ocr_par' dir='ltr' id='par_1_23' title="bbox 1030 1793 1504 1849">
     <span class='ocr_line' id='line_1_59' title="bbox 1030 1793 1504 1849; baseline -0.002 -13"><span class='ocrx_word' id='word_1_173' title='bbox 1030 1793 1265 1849; x_wconf 87' lang='lat' dir='ltr'>Expuncta</span> <span class='ocrx_word' id='word_1_174' title='bbox 1297 1793 1504 1849; x_wconf 85' lang='lat' dir='ltr'>explicita</span> 
     </span>
    </p>

    <p class='ocr_par' dir='ltr' id='par_1_24' title="bbox 1029 1865 1895 1980">
     <span class='ocr_line' id='line_1_60' title="bbox 1029 1865 1895 1921; baseline 0 -13"><span class='ocrx_word' id='word_1_175' title='bbox 1029 1865 1145 1908; x_wconf 90' lang='lat' dir='ltr'>Exul</span> <span class='ocrx_word' id='word_1_176' title='bbox 1191 1865 1406 1921; x_wconf 77' lang='lat' dir='ltr'>profugus</span> <span class='ocrx_word' id='word_1_177' title='bbox 1446 1869 1522 1908; x_wconf 88' lang='lat' dir='ltr'>aut</span> <span class='ocrx_word' id='word_1_178' title='bbox 1562 1867 1705 1921; x_wconf 78' lang='lat' dir='ltr'>patria</span> <span class='ocrx_word' id='word_1_179' title='bbox 1744 1867 1895 1921; x_wconf 80' lang='lat' dir='ltr'>pulsus</span> 
     </span>
     <span class='ocr_line' id='line_1_61' title="bbox 1090 1938 1482 1980; baseline 0.003 -1"><span class='ocrx_word' id='word_1_180' title='bbox 1090 1938 1136 1980; x_wconf 91' lang='lat' dir='ltr'>in</span> <span class='ocrx_word' id='word_1_181' title='bbox 1169 1938 1300 1980; x_wconf 87' lang='lat' dir='ltr'>exilio</span> <span class='ocrx_word' id='word_1_182' title='bbox 1334 1941 1482 1980; x_wconf 87' lang='lat' dir='ltr'>trusus</span> 
     </span>
    </p>

    <p class='ocr_par' dir='ltr' id='par_1_25' title="bbox 1030 2011 1951 2066">
     <span class='ocr_line' id='line_1_62' title="bbox 1030 2011 1951 2066; baseline -0.007 -13"><span class='ocrx_word' id='word_1_183' title='bbox 1030 2011 1230 2053; x_wconf 84' lang='lat' dir='ltr'>Extrudo</span> <span class='ocrx_word' id='word_1_184' title='bbox 1265 2011 1435 2066; x_wconf 90' lang='lat' dir='ltr'>depello</span> <span class='ocrx_word' id='word_1_185' title='bbox 1917 2025 1951 2048; x_wconf 57' lang='grc' dir='ltr'>ῆι)</span> 
     </span>
    </p>

    <p class='ocr_par' dir='ltr' id='par_1_26' title="bbox 1030 2083 1540 2139">
     <span class='ocr_line' id='line_1_63' title="bbox 1030 2083 1540 2139; baseline 0 -14"><span class='ocrx_word' id='word_1_186' title='bbox 1030 2083 1226 2125; x_wconf 86' lang='lat' dir='ltr'>Extrusa</span> <span class='ocrx_word' id='word_1_187' title='bbox 1257 2083 1387 2139; x_wconf 84' lang='lat' dir='ltr'>longe</span> <span class='ocrx_word' id='word_1_188' title='bbox 1421 2083 1540 2126; x_wconf 81' lang='lat' dir='ltr'>(licta</span> 
     </span>
    </p>

    <p class='ocr_par' dir='ltr' id='par_1_27' title="bbox 1031 2155 1451 2211">
     <span class='ocr_line' id='line_1_64' title="bbox 1031 2155 1451 2211; baseline -0.002 -13"><span class='ocrx_word' id='word_1_189' title='bbox 1031 2155 1237 2198; x_wconf 86' lang='lat' dir='ltr'>Extrusit</span> <span class='ocrx_word' id='word_1_190' title='bbox 1269 2155 1451 2211; x_wconf 71' lang='lat' dir='ltr'>expellit</span> 
     </span>
    </p>

    <p class='ocr_par' dir='ltr' id='par_1_28' title="bbox 1030 2228 1744 2285">
     <span class='ocr_line' id='line_1_65' title="bbox 1030 2228 1744 2285; baseline -0.001 -13"><span class='ocrx_word' id='word_1_191' title='bbox 1030 2229 1265 2285; x_wconf 87' lang='lat' dir='ltr'>Expuncta</span> <span class='ocrx_word' id='word_1_192' title='bbox 1296 2228 1431 2270; x_wconf 89' lang='lat' dir='ltr'>fibras</span> <span class='ocrx_word' id='word_1_193' title='bbox 1464 2232 1744 2284; x_wconf 87' lang='lat' dir='ltr'>peccatorum</span> 
     </span>
    </p>
   </div>
   <div class='ocr_carea' id='block_1_6' title="bbox 1033 2445 1457 2719">
    <p class='ocr_par' dir='ltr' id='par_1_29' title="bbox 1033 2445 1457 2719">
     <span class='ocr_line' id='line_1_66' title="bbox 1033 2445 1381 2489; baseline 0 -1"><span class='ocrx_word' id='word_1_194' title='bbox 1033 2445 1172 2488; x_wconf 84' lang='lat' dir='ltr'>Fatus</span> <span class='ocrx_word' id='word_1_195' title='bbox 1206 2447 1381 2489; x_wconf 89' lang='lat' dir='ltr'>locutus</span> 
     </span>
     <span class='ocr_line' id='line_1_67' title="bbox 1033 2518 1457 2561; baseline -0.002 0"><span class='ocrx_word' id='word_1_196' title='bbox 1033 2519 1196 2561; x_wconf 86' lang='lat' dir='ltr'>Fassus</span> <span class='ocrx_word' id='word_1_197' title='bbox 1231 2518 1457 2561; x_wconf 85' lang='lat' dir='ltr'>confessus</span> 
     </span>
     <span class='ocr_line' id='line_1_68' title="bbox 1033 2591 1290 2646; baseline -0.004 -13"><span class='ocrx_word' id='word_1_198' title='bbox 1033 2591 1136 2633; x_wconf 86' lang='lat' dir='ltr'>Fari</span> <span class='ocrx_word' id='word_1_199' title='bbox 1167 2591 1290 2646; x_wconf 90' lang='lat' dir='ltr'>loqui</span> 
     </span>
     <span class='ocr_line' id='line_1_69' title="bbox 1033 2663 1402 2719; baseline -0.008 -12"><span class='ocrx_word' id='word_1_200' title='bbox 1033 2664 1172 2707; x_wconf 81' lang='lat' dir='ltr'>Fatur</span> <span class='ocrx_word' id='word_1_201' title='bbox 1204 2663 1402 2719; x_wconf 80' lang='lat' dir='ltr'>loquitur</span> 
     </span>
    </p>
   </div>
   <div class='ocr_carea' id='block_1_7' title="bbox 227 2806 1359 2853">
    <p class='ocr_par' dir='ltr' id='par_1_30' title="bbox 227 2806 1359 2853">
     <span class='ocr_line' id='line_1_70' title="bbox 227 2806 1359 2853; baseline 0.001 -12"><span class='ocrx_word' id='word_1_202' title='bbox 227 2808 261 2853; x_wconf 88' lang='lat'>1)</span> <span class='ocrx_word' id='word_1_203' title='bbox 286 2818 306 2842; x_wconf 93' lang='lat' dir='ltr'>c</span> <span class='ocrx_word' id='word_1_204' title='bbox 332 2818 378 2843; x_wconf 70' lang='lat' dir='ltr'>ca:</span> <span class='ocrx_word' id='word_1_205' title='bbox 398 2808 415 2841; x_wconf 90' lang='lat' dir='ltr'>t</span> <span class='ocrx_word' id='word_1_206' title='bbox 439 2818 532 2843; x_wconf 79' lang='lat' dir='ltr'>corr.</span> <span class='ocrx_word' id='word_1_207' title='bbox 552 2810 564 2853; x_wconf 83' lang='grc' dir='ltr'>ΙΙ</span> <span class='ocrx_word' id='word_1_208' title='bbox 583 2809 620 2852; x_wconf 83' lang='lat'>2)</span> <span class='ocrx_word' id='word_1_209' title='bbox 645 2809 662 2842; x_wconf 91' lang='lat' dir='ltr'>t</span> <span class='ocrx_word' id='word_1_210' title='bbox 687 2818 732 2843; x_wconf 83' lang='lat' dir='ltr'>ex</span> <span class='ocrx_word' id='word_1_211' title='bbox 758 2818 777 2842; x_wconf 88' lang='lat' dir='ltr'>c</span> <span class='ocrx_word' id='word_1_212' title='bbox 803 2818 896 2843; x_wconf 78' lang='lat' dir='ltr'>corr.</span> <span class='ocrx_word' id='word_1_213' title='bbox 916 2808 928 2852; x_wconf 90' lang='grc' dir='ltr'>ΙΙ</span> <span class='ocrx_word' id='word_1_214' title='bbox 949 2808 984 2852; x_wconf 88' lang='grc'>3)</span> <span class='ocrx_word' id='word_1_215' title='bbox 1011 2806 1051 2841; x_wconf 93' lang='lat' dir='ltr'>lu</span> <span class='ocrx_word' id='word_1_216' title='bbox 1072 2818 1143 2853; x_wconf 77' lang='lat' dir='ltr'>pro</span> <span class='ocrx_word' id='word_1_217' title='bbox 1170 2806 1207 2841; x_wconf 88' lang='lat' dir='ltr'>lo</span> <span class='ocrx_word' id='word_1_218' title='bbox 1233 2817 1325 2842; x_wconf 80' lang='lat' dir='ltr'>corr.</span> <span class='ocrx_word' id='word_1_219' title='bbox 1347 2808 1359 2851; x_wconf 88' lang='grc' dir='ltr'>ΙΙ</span> 
     </span>
    </p>
   </div>
   <div class='ocr_carea' id='block_1_8' title="bbox 273 2888 418 2893">
    <p class='ocr_par' dir='ltr' id='par_1_31' title="bbox 273 2888 418 2893">
     <span class='ocr_line' id='line_1_71' title="bbox 273 2888 418 2893; baseline 0 0"><span class='ocrx_word' id='word_1_220' title='bbox 273 2888 418 2893; x_wconf 95' lang='lat' dir='ltr'> </span> 
     </span>
    </p>
   </div>
   <div class='ocr_carea' id='block_1_9' title="bbox 129 2938 1903 3227">
    <p class='ocr_par' dir='ltr' id='par_1_32' title="bbox 129 2938 1903 3227">
     <span class='ocr_line' id='line_1_72' title="bbox 226 2938 1899 2985; baseline 0 -11"><span class='ocrx_word' id='word_1_221' title='bbox 226 2944 259 2975; x_wconf 91' lang='lat'>3.</span> <span class='ocrx_word' id='word_1_222' title='bbox 285 2939 465 2975; x_wconf 86' lang='lat' dir='ltr'>obseruat</span> <span class='ocrx_word' id='word_1_223' title='bbox 490 2940 570 2975; x_wconf 85' lang='lat' dir='ltr'>abc</span> <span class='ocrx_word' id='word_1_224' title='bbox 601 2941 612 2984; x_wconf 82' lang='grc' dir='ltr'>ΙΙ</span> <span class='ocrx_word' id='word_1_225' title='bbox 643 2943 676 2974; x_wconf 97' lang='grc'>5.</span> <span class='ocrx_word' id='word_1_226' title='bbox 705 2944 736 2975; x_wconf 82' lang='grc'>6.</span> <span class='ocrx_word' id='word_1_227' title='bbox 764 2951 831 2975; x_wconf 87' lang='lat' dir='ltr'>om.</span> <span class='ocrx_word' id='word_1_228' title='bbox 858 2950 878 2975; x_wconf 84' lang='lat' dir='ltr'>c</span> <span class='ocrx_word' id='word_1_229' title='bbox 908 2941 920 2985; x_wconf 81' lang='grc' dir='ltr'>ΙΙ</span> <span class='ocrx_word' id='word_1_230' title='bbox 951 2943 984 2974; x_wconf 85' lang='grc'>9.</span> <span class='ocrx_word' id='word_1_231' title='bbox 1011 2938 1134 2974; x_wconf 85' lang='lat' dir='ltr'>mittit</span> <span class='ocrx_word' id='word_1_232' title='bbox 1159 2939 1238 2974; x_wconf 83' lang='lat' dir='ltr'>abc</span> <span class='ocrx_word' id='word_1_233' title='bbox 1260 2941 1264 2984; x_wconf 78' lang='grc' dir='ltr'>Ι</span> <span class='ocrx_word' id='word_1_234' title='bbox 1288 2938 1440 2973; x_wconf 80' lang='lat' dir='ltr'>abintus</span> <span class='ocrx_word' id='word_1_235' title='bbox 1467 2939 1567 2973; x_wconf 84' lang='lat' dir='ltr'>foras</span> <span class='ocrx_word' id='word_1_236' title='bbox 1595 2940 1642 2975; x_wconf 84' lang='lat' dir='ltr'>bc</span> <span class='ocrx_word' id='word_1_237' title='bbox 1661 2939 1672 2983; x_wconf 95' lang='grc' dir='ltr'>ΙΙ</span> <span class='ocrx_word' id='word_1_238' title='bbox 1700 2943 1754 2974; x_wconf 91' lang='grc'>10.</span> <span class='ocrx_word' id='word_1_239' title='bbox 1782 2938 1899 2974; x_wconf 84' lang='lat' dir='ltr'>tacite</span> 
     </span>
     <span class='ocr_line' id='line_1_73' title="bbox 129 2998 1901 3046; baseline 0.001 -12"><span class='ocrx_word' id='word_1_240' title='bbox 129 3000 273 3045; x_wconf 80' lang='lat' dir='ltr'>gaudet</span> <span class='ocrx_word' id='word_1_241' title='bbox 293 3001 340 3036; x_wconf 79' lang='lat' dir='ltr'>bc</span> <span class='ocrx_word' id='word_1_242' title='bbox 359 3002 370 3045; x_wconf 83' lang='grc' dir='ltr'>ΙΙ</span> <span class='ocrx_word' id='word_1_243' title='bbox 392 3004 448 3035; x_wconf 84' lang='grc'>16.</span> <span class='ocrx_word' id='word_1_244' title='bbox 469 3011 538 3036; x_wconf 84' lang='lat' dir='ltr'>om.</span> <span class='ocrx_word' id='word_1_245' title='bbox 559 3011 578 3035; x_wconf 87' lang='lat' dir='ltr'>c</span> <span class='ocrx_word' id='word_1_246' title='bbox 596 3002 608 3044; x_wconf 82' lang='grc' dir='ltr'>ΙΙ</span> <span class='ocrx_word' id='word_1_247' title='bbox 629 3003 684 3035; x_wconf 86' lang='grc'>18.</span> <span class='ocrx_word' id='word_1_248' title='bbox 706 2998 828 3044; x_wconf 86' lang='lat' dir='ltr'>epulis</span> <span class='ocrx_word' id='word_1_249' title='bbox 850 3000 898 3034; x_wconf 85' lang='lat' dir='ltr'>bc</span> <span class='ocrx_word' id='word_1_250' title='bbox 916 3000 929 3044; x_wconf 88' lang='grc' dir='ltr'>ΙΙ</span> <span class='ocrx_word' id='word_1_251' title='bbox 948 3001 1004 3034; x_wconf 83' lang='lat'>20.</span> <span class='ocrx_word' id='word_1_252' title='bbox 1026 3003 1083 3034; x_wconf 83' lang='grc'>21.</span> <span class='ocrx_word' id='word_1_253' title='bbox 1103 3000 1252 3035; x_wconf 77' lang='lat' dir='ltr'>inclusa</span> <span class='ocrx_word' id='word_1_254' title='bbox 1271 3011 1338 3035; x_wconf 85' lang='lat' dir='ltr'>om.</span> <span class='ocrx_word' id='word_1_255' title='bbox 1360 3012 1383 3034; x_wconf 84' lang='lat' dir='ltr'>a</span> <span class='ocrx_word' id='word_1_256' title='bbox 1402 3001 1414 3044; x_wconf 76' lang='grc' dir='ltr'>ΙΙ</span> <span class='ocrx_word' id='word_1_257' title='bbox 1434 3003 1490 3034; x_wconf 79' lang='lat'>22.</span> <span class='ocrx_word' id='word_1_258' title='bbox 1512 2999 1560 3033; x_wconf 91' lang='lat' dir='ltr'>ab</span> <span class='ocrx_word' id='word_1_259' title='bbox 1581 3010 1667 3034; x_wconf 87' lang='lat' dir='ltr'>aere</span> <span class='ocrx_word' id='word_1_260' title='bbox 1687 3011 1714 3035; x_wconf 82' lang='lat' dir='ltr'>c.</span> <span class='ocrx_word' id='word_1_261' title='bbox 1743 3009 1829 3034; x_wconf 88' lang='lat' dir='ltr'>aere</span> <span class='ocrx_word' id='word_1_262' title='bbox 1850 3000 1870 3035; x_wconf 91' lang='lat' dir='ltr'>b</span> <span class='ocrx_word' id='word_1_263' title='bbox 1889 2999 1901 3046; x_wconf 76' lang='grc' dir='ltr'>ΙΙ</span> 
     </span>
     <span class='ocr_line' id='line_1_74' title="bbox 129 3058 1901 3107; baseline 0 -12"><span class='ocrx_word' id='word_1_264' title='bbox 129 3064 186 3096; x_wconf 82' lang='grc'>23.</span> <span class='ocrx_word' id='word_1_265' title='bbox 214 3060 415 3095; x_wconf 85' lang='lat' dir='ltr'>calamitas</span> <span class='ocrx_word' id='word_1_266' title='bbox 443 3061 489 3096; x_wconf 84' lang='lat' dir='ltr'>bc</span> <span class='ocrx_word' id='word_1_267' title='bbox 519 3062 532 3106; x_wconf 80' lang='grc' dir='ltr'>ΙΙ</span> <span class='ocrx_word' id='word_1_268' title='bbox 563 3063 619 3096; x_wconf 80' lang='grc'>25.</span> <span class='ocrx_word' id='word_1_269' title='bbox 647 3059 841 3096; x_wconf 81' lang='lat' dir='ltr'>eradicare</span> <span class='ocrx_word' id='word_1_270' title='bbox 867 3060 954 3096; x_wconf 81' lang='lat' dir='ltr'>add.</span> <span class='ocrx_word' id='word_1_271' title='bbox 983 3060 1030 3095; x_wconf 84' lang='lat' dir='ltr'>bc</span> <span class='ocrx_word' id='word_1_272' title='bbox 1061 3061 1073 3105; x_wconf 92' lang='grc' dir='ltr'>ΙΙ</span> <span class='ocrx_word' id='word_1_273' title='bbox 1105 3064 1162 3094; x_wconf 80' lang='lat'>32.</span> <span class='ocrx_word' id='word_1_274' title='bbox 1189 3071 1258 3095; x_wconf 87' lang='lat' dir='ltr'>om.</span> <span class='ocrx_word' id='word_1_275' title='bbox 1284 3071 1303 3095; x_wconf 86' lang='lat' dir='ltr'>c</span> <span class='ocrx_word' id='word_1_276' title='bbox 1331 3062 1342 3105; x_wconf 73' lang='grc' dir='ltr'><strong>Η</strong></span> <span class='ocrx_word' id='word_1_277' title='bbox 1372 3063 1428 3094; x_wconf 87' lang='lat'>33.</span> <span class='ocrx_word' id='word_1_278' title='bbox 1456 3058 1574 3093; x_wconf 85' lang='lat' dir='ltr'>latine</span> <span class='ocrx_word' id='word_1_279' title='bbox 1600 3071 1618 3094; x_wconf 85' lang='lat' dir='ltr'>c</span> <span class='ocrx_word' id='word_1_280' title='bbox 1636 3060 1648 3104; x_wconf 81' lang='grc' dir='ltr'>ΙΙ</span> <span class='ocrx_word' id='word_1_281' title='bbox 1668 3063 1725 3094; x_wconf 89' lang='grc'>34.</span> <span class='ocrx_word' id='word_1_282' title='bbox 1752 3071 1818 3095; x_wconf 83' lang='lat' dir='ltr'>om.</span> <span class='ocrx_word' id='word_1_283' title='bbox 1846 3071 1866 3095; x_wconf 80' lang='lat' dir='ltr'>c</span> <span class='ocrx_word' id='word_1_284' title='bbox 1889 3060 1901 3107; x_wconf 80' lang='grc' dir='ltr'>Η</span> 
     </span>
     <span class='ocr_line' id='line_1_75' title="bbox 131 3118 1903 3165; baseline -0.001 -9"><span class='ocrx_word' id='word_1_285' title='bbox 131 3124 187 3156; x_wconf 91' lang='grc'>35.</span> <span class='ocrx_word' id='word_1_286' title='bbox 216 3120 265 3155; x_wconf 84' lang='lat' dir='ltr'>ad</span> <span class='ocrx_word' id='word_1_287' title='bbox 292 3120 451 3155; x_wconf 85' lang='lat' dir='ltr'>alteram</span> <span class='ocrx_word' id='word_1_288' title='bbox 477 3121 625 3165; x_wconf 82' lang='lat' dir='ltr'>partem</span> <span class='ocrx_word' id='word_1_289' title='bbox 651 3120 792 3156; x_wconf 87' lang='lat' dir='ltr'>transit</span> <span class='ocrx_word' id='word_1_290' title='bbox 816 3132 835 3156; x_wconf 84' lang='lat' dir='ltr'>c</span> <span class='ocrx_word' id='word_1_291' title='bbox 859 3122 871 3165; x_wconf 87' lang='grc' dir='ltr'>ΙΙ</span> <span class='ocrx_word' id='word_1_292' title='bbox 898 3124 953 3156; x_wconf 85' lang='grc'>36.</span> <span class='ocrx_word' id='word_1_293' title='bbox 982 3131 1048 3156; x_wconf 87' lang='lat' dir='ltr'>om.</span> <span class='ocrx_word' id='word_1_294' title='bbox 1076 3131 1095 3156; x_wconf 82' lang='lat' dir='ltr'>c</span> <span class='ocrx_word' id='word_1_295' title='bbox 1117 3122 1122 3165; x_wconf 74' lang='grc' dir='ltr'>Ι</span> <span class='ocrx_word' id='word_1_296' title='bbox 1146 3119 1286 3155; x_wconf 87' lang='lat' dir='ltr'>deiecit</span> <span class='ocrx_word' id='word_1_297' title='bbox 1311 3121 1363 3155; x_wconf 85' lang='lat' dir='ltr'>ab</span> <span class='ocrx_word' id='word_1_298' title='bbox 1394 3121 1406 3164; x_wconf 85' lang='grc' dir='ltr'>ΙΙ</span> <span class='ocrx_word' id='word_1_299' title='bbox 1439 3123 1495 3155; x_wconf 85' lang='grc'>39,</span> <span class='ocrx_word' id='word_1_300' title='bbox 1522 3118 1687 3154; x_wconf 88' lang='lat' dir='ltr'>Excudit</span> <span class='ocrx_word' id='word_1_301' title='bbox 1712 3120 1761 3155; x_wconf 82' lang='lat' dir='ltr'>bc</span> <span class='ocrx_word' id='word_1_302' title='bbox 1795 3122 1799 3164; x_wconf 85' lang='grc' dir='ltr'>Ι</span> <span class='ocrx_word' id='word_1_303' title='bbox 1835 3121 1903 3154; x_wconf 87' lang='lat' dir='ltr'>aut</span> 
     </span>
     <span class='ocr_line' id='line_1_76' title="bbox 130 3179 1884 3227; baseline 0 -11"><span class='ocrx_word' id='word_1_304' title='bbox 130 3179 295 3216; x_wconf 79' lang='lat' dir='ltr'>fabricat</span> <span class='ocrx_word' id='word_1_305' title='bbox 320 3181 368 3217; x_wconf 85' lang='lat' dir='ltr'>bc</span> <span class='ocrx_word' id='word_1_306' title='bbox 385 3183 398 3226; x_wconf 92' lang='grc' dir='ltr'>ΙΙ</span> <span class='ocrx_word' id='word_1_307' title='bbox 416 3184 474 3217; x_wconf 93' lang='grc'>40.</span> <span class='ocrx_word' id='word_1_308' title='bbox 501 3185 560 3216; x_wconf 90' lang='grc'>41.</span> <span class='ocrx_word' id='word_1_309' title='bbox 587 3192 655 3216; x_wconf 84' lang='lat' dir='ltr'>om.</span> <span class='ocrx_word' id='word_1_310' title='bbox 682 3192 701 3217; x_wconf 84' lang='lat' dir='ltr'>c</span> <span class='ocrx_word' id='word_1_311' title='bbox 720 3182 731 3227; x_wconf 83' lang='grc' dir='ltr'>ΙΙ</span> <span class='ocrx_word' id='word_1_312' title='bbox 750 3184 807 3216; x_wconf 79' lang='grc'>42.</span> <span class='ocrx_word' id='word_1_313' title='bbox 834 3179 1021 3216; x_wconf 78' lang='lat' dir='ltr'>Enuclare</span> <span class='ocrx_word' id='word_1_314' title='bbox 1047 3181 1200 3226; x_wconf 71' lang='lat'>1201151.</span> <span class='ocrx_word' id='word_1_315' title='bbox 1229 3181 1344 3216; x_wconf 80' lang='lat' dir='ltr'>ducta</span> <span class='ocrx_word' id='word_1_316' title='bbox 1370 3181 1418 3215; x_wconf 86' lang='lat' dir='ltr'>bc</span> <span class='ocrx_word' id='word_1_317' title='bbox 1436 3180 1448 3225; x_wconf 77' lang='lat' dir='ltr'>ss</span> <span class='ocrx_word' id='word_1_318' title='bbox 1468 3183 1523 3215; x_wconf 89' lang='lat'>53.</span> <span class='ocrx_word' id='word_1_319' title='bbox 1551 3181 1748 3224; x_wconf 88' lang='lat' dir='ltr'>pectorum</span> <span class='ocrx_word' id='word_1_320' title='bbox 1774 3181 1853 3216; x_wconf 86' lang='lat' dir='ltr'>abc</span> <span class='ocrx_word' id='word_1_321' title='bbox 1871 3182 1884 3227; x_wconf 86' lang='grc' dir='ltr'>ΙΙ</span> 
     </span>
    </p>
   </div>
   <div class='ocr_carea' id='block_1_10' title="bbox 1542 3239 1614 3275">
    <p class='ocr_par' dir='ltr' id='par_1_33' title="bbox 1542 3239 1614 3275">
     <span class='ocr_line' id='line_1_77' title="bbox 1542 3239 1614 3275; baseline 0 0"><span class='ocrx_word' id='word_1_322' title='bbox 1542 3239 1614 3275; x_wconf 69' lang='lat'>33*</span> 
     </span>
    </p>
   </div>
  </div>
 </body>
</html>
