2170 3522
801 126 1015 161 GLOSSAE
1044 126 1259 160 AFFATIM

1822 126 1905 167 551

144 236 356 278 Pessuma
379 236 672 291 praecipitata
692 237 763 278 uel
785 236 1009 278 confracta
1047 236 1308 278 Praecordia
1340 236 1571 278 interiores
1604 239 1750 291 partes

144 308 316 350 Petulci
348 311 548 363 petentes
581 308 651 350 uel
684 308 845 350 hilares

144 378 374 422 Petulcum
419 380 646 435 cornipeta
690 379 761 421 uel
804 380 1006 435 petulans

202 451 436 494 insiliendo
470 452 585 494 sicut
619 467 749 507 capra

142 523 396 566 Petulantia
427 524 641 566 iactantia

106 607 123 632 5
143 596 352 638 Petulans
385 595 577 637 lasciuus
612 610 636 637 a
667 595 894 650 pendendo

139 668 398 710 Petulanter
430 666 694 722 inpudenter

140 740 443 782 Praestolator
470 739 679 781 obseruat
706 741 782 780 aut
803 741 1004 794 expectat

139 811 417 854 Praestolare
452 814 680 867 expectare

138 883 491 926 Praestolantem
524 886 829 938 expectantem

86 968 119 993 10
139 955 371 998 Praefatus
406 958 506 997 ante
539 956 712 997 locutus

137 1027 365 1070 Prefatum
399 1031 500 1070 ante
534 1028 700 1070 dictum

137 1099 333 1154 Prefatio
366 1100 613 1156 prolocutio

42 1181 111 1212 41ῑι
136 1170 356 1214 Praedicit
389 1172 463 1228 qui
495 1171 645 1214 futura
677 1171 853 1214 nuntiat

137 1244 392 1287 Praefectus
407 1246 686 1300 praepositus
703 1244 1000 1286 subiectorum

198 1316 424 1359 ordinator
457 1319 534 1359 aut
566 1317 755 1372 rector¹)

83 1401 117 1428 15
135 1388 364 1431 Praelatus
399 1390 674 1444 antepositus

135 1460 339 1503 Praelato
373 1463 585 1518 ampliore

135 1532 402 1590 Praecipuus
422 1535 591 1590 primus
612 1534 775 1577 nobilis
791 1536 867 1576 aut
881 1548 999 1589 pruc-

194 1605 336 1648 fectus
371 1621 557 1663 magnus

135 1679 425 1734 Praecipuum
459 1679 698 1721 maximum

135 1750 401 1806 Praecipuae
435 1750 694 1793 manifestae

79 1835 113 1861 20
136 1823 350 1878 Praeceps
388 1823 591 1879 passinus
632 1823 701 1864 uel
739 1823 998 1865 temerarius

135 1895 377 1952 Praesagat
416 1895 587 1937 diuina-t
627 1898 702 1938 aut
740 1895 890 1937 futura
930 1896 999 1937 ad-

193 1968 371 2010 nuntiat

134 2039 356 2096 Praesaga
406 2040 662 2095 praediuina
719 2043 794 2082 aut
851 2040 999 2082 futura

194 2127 350 2168 praesa
381 2113 530 2169 ignem
562 2111 867 2169 uaticinati02)

133 2184 421 2241 Praesagium
449 2185 564 2240 quod
592 2187 692 2226 ante
714 2184 821 2227 dicit
844 2188 998 2240 postea

194 2257 317 2300 uenit

134 2330 418 2387 Praesagium
451 2329 744 2385 praescientia

79 2413 114 2440 25
135 2401 381 2458 Praesagus
414 2401 610 2457 prescius
643 2401 894 2444 futurorum

134 2473 421 2530 Praesagium
480 2473 689 2516 indicium
747 2473 997 2517 futurorum

194 2546 423 2603 signorum

133 2617 409 2675 Praerogans
444 2622 543 2661 ante
577 2619 815 2675 inpendens

1048 308 1321 364 Praeuignus
1355 311 1455 350 ante
1489 310 1618 349 natus

1046 380 1342 434 Praespecans
1375 379 1550 421 intuens
1928 393 1962 415 2⁵0

1047 451 1312 493 Praesertim
1347 454 1423 492 aut
1456 450 1670 492 maximae

1046 522 1349 565 Praecalidum
1381 523 1480 578 plus
1514 523 1703 565 calidum

1046 594 1300 637 Praetendit
1316 598 1509 650 opponet
1523 595 1678 658 plectit
1693 598 1768 637 aut
1783 596 1908 650 ponit

1046 667 1302 709 Praetendit
1336 667 1530 709 ostendit

1042 738 1254 780 Praeuius
1269 740 1531 794 praecedens
1547 742 1623 781 aut
1636 743 1736 782 ante
1750 741 1905 782 cedens
1927 751 1961 775 ³³3

1043 811 1298 852 Praedictus
1342 826 1474 866 supra
1513 811 1655 853 dictus
1694 813 1764 854 uel
1805 816 1905 854 ante

1103 883 1246 924 dictus

1042 955 1274 996 Praeditus
1309 956 1521 1010 probatus
1556 956 1832 1010 antepositus

1042 1026 1278 1069 Praecellit
1311 1027 1594 1069 excellentior
1628 1028 1795 1070 cunctis

1043 1099 1270 1141 Praesedit
1303 1100 1417 1154 quod
1453 1114 1585 1155 supra

1043 1172 1327 1214 Praeteruolo
1361 1172 1574 1214 uelociter
1607 1171 1826 1226 praeterio
1926 1183 1960 1207 -10

1041 1244 1314 1285 Praesidium
1336 1243 1590 1299 profugium
1607 1244 1677 1285 uel
1694 1244 1904 1285 auxilium

1041 1316 1346 1358 Praestantior
1373 1315 1695 1371 significantior
1721 1319 1797 1358 aut
1820 1331 1904 1358 me-

1101 1388 1185 1429 lior
1218 1388 1289 1430 uel
1322 1387 1553 1430 sublimior
1586 1388 1745 1430 clarior

1043 1461 1221 1502 l'raesol
1256 1460 1383 1502 iudex

1041 1533 1292 1575 Praesolem
1325 1532 1596 1574 defensorem
1630 1532 1699 1574 uel
1734 1533 1903 1575 cunctis

1099 1605 1400 1661 praepositum

1040 1676 1267 1720 Praesoles
1306 1676 1470 1719 iudices
1506 1677 1813 1732 praesedentes
1848 1677 1900 1719 ab
1927 1688 1958 1713 15

1099 1765 1149 1792 eo
1185 1750 1299 1805 quod
1333 1752 1542 1804 praesunt
1575 1749 1736 1791 iudicio

1037 1822 1360 1864 Praeiudicium
1395 1836 1521 1864 cause
1555 1821 1901 1877 inpedimentum

1038 1894 1225 1937 Praecor
1238 1908 1347 1949 quae
1363 1893 1532 1936 ciuibus
1547 1897 1722 1949 praeest
1733 1895 1901 1951 negotii

1099 1968 1152 2009 ab
1193 1982 1242 2008 eo
1284 1967 1400 2021 quod
1442 1969 1509 2008 est
1543 1967 1723 2022 praedes
1757 1967 1801 2008 id
1835 1969 1901 2008 est

1098 2039 1366 2082 fideiussoris

1039 2112 1271 2154 Praetores
1306 2112 1483 2154 secundi
1517 2114 1619 2154 sunt
1650 2111 1900 2154 consolibus

1039 2184 1215 2226 Praetio
1249 2198 1390 2239 poena

1036 2257 1310 2313 Praestigiae
1344 2256 1433 2298 doli
1467 2256 1649 2298 insidiae
1920 2267 1954 2291 50

1035 2329 1290 2386 Praestigiis
1318 2328 1545 2371 fantassiis
1568 2329 1899 2371 circumuentio—

1095 2401 1225 2444 nibus

1037 2474 1287 2531 Praestigia
1319 2473 1491 2516 fallatia

1035 2547 1285 2590 Praenimio
1319 2547 1465 2589 ualido
1499 2546 1569 2588 uel
1603 2546 1742 2588 multo

1036 2618 1278 2661 Praecunio
1311 2619 1484 2661 laudem

231 2763 265 2806 1)
287 2763 396 2807 prior
421 2773 438 2795 r
464 2774 508 2798 ea:
535 2773 555 2797 o
582 2774 664 2798 coro·
683 2790 694 2806 ‚
720 2766 761 2797 ut
786 2762 860 2799 vicl.
881 2762 892 2806 ΙΙ
913 2763 949 2807 2)
976 2775 999 2797 α
1025 2761 1166 2797 Praesa
1193 2763 1319 2808 ignem
1346 2774 1442 2798 ‘nova
1466 2763 1513 2807 ql.
1541 2761 1737 2797 incohatur
1756 2763 1766 2804 ΙΙ

229 2897 260 2927 2.
289 2906 355 2929 om.
383 2906 402 2930 c
420 2895 432 2939 ΙΙ
453 2898 483 2929 5.
507 2905 529 2928 a
554 2894 718 2939 petendo
747 2895 792 2930 bc
812 2897 823 2940 ΙΙ
845 2898 875 2930 7.
896 2893 1159 2930 Praestolatur
1184 2907 1203 2931 c
1222 2895 1232 2939 ΙΙ
1254 2898 1285 2930 8.
1308 2899 1339 2930 9.
1361 2907 1429 2930 om.
1450 2906 1468 2930 c
1487 2896 1498 2939 ΙΙ
1520 2897 1574 2928 12.
1596 2892 1829 2938 praelocutio
1850 2905 1868 2929 c
1888 2893 1890 2938 l

135 2958 188 2989 16.
216 2966 284 2990 om.
311 2966 330 2990 c
367 2957 378 2998 ΙΙ
416 2958 472 2990 22.
499 2966 751 2999 praesagnem
777 2955 797 2990 b
835 2957 847 2999 ΙΙ
884 2958 940 2990 23.
969 2967 1036 2990 om.
1064 2956 1084 2991 b
1122 2957 1134 3001 ΙΙ
1172 2959 1228 2991 26.
1256 2967 1323 2990 om.
1350 2967 1369 2990 c
1406 2955 1417 2999 ΙΙ
1456 2958 1511 2989 30.
1538 2953 1813 2998 Praespectans
1840 2954 1859 2988 b
1888 2955 1899 2998 l}

132 3018 189 3049 33.
217 3013 376 3059 opponit
402 3015 448 3050 bc
467 3016 479 3060 ΙΙ
499 3019 557 3050 36.
584 3026 650 3050 om.
677 3027 696 3050 c
715 3017 726 3060 ΙΙ
747 3018 803 3050 39.
830 3014 1027 3050 Praesidet
1052 3027 1070 3051 c
1101 3018 1113 3061 {l
1145 3019 1201 3050 43.
1229 3013 1385 3049 Praesul
1411 3015 1457 3050 bc
1476 3015 1487 3059 ΙΙ
1513 3018 1570 3048 44.
1597 3012 1814 3048 Praesulem
1841 3015 1861 3049 b
1887 3014 1898 3059 Η

132 3077 190 3110 45.
216 3073 414 3108 Praesules
442 3074 489 3109 bc
512 3076 516 3118 Ι
539 3073 800 3118 praesidentes
828 3075 875 3110 bc
906 3077 918 3121 ΙΙ
950 3078 1006 3110 47.

1033 3075 1190 3110 Praetor
1215 3087 1265 3111 ac
1293 3075 1297 3121 Ι
1327 3073 1392 3118 qui
1418 3074 1495 3110 abc
1518 3076 1522 3118 Ι
1545 3073 1784 3108 fideiussores
1813 3075 1862 3109 bc
1886 3073 1898 3119 Η

132 3137 190 3169 48.
212 3133 430 3168 consulibus
452 3145 470 3169 c
488 3134 500 3178 ΙΙ
521 3138 576 3170 49.
597 3146 664 3170 om.
687 3146 705 3170 c
724 3137 736 3180 ΙΙ
756 3137 813 3170 51.
839 3133 1016 3170 fantasiis
1041 3136 1087 3171 bc
1106 3136 1117 3180 ΙΙ
1139 3139 1193 3171 52.
1220 3133 1377 3169 fallacia
1403 3146 1452 3170 ac
1471 3136 1482 3180 ΙΙ
1502 3137 1558 3169 54.
1579 3132 1826 3169 Praeconium
1849 3146 1868 3170 c
1886 3134 1897 3163 {z
