2170 3522
144 292 396 347 Acepitrem
429 295 631 348 aceptore
1038 291 1209 334 Adnixa
1242 290 1441 331 innotata
1473 286 1676 329 adiucnta

142 362 296 405 Actius
330 364 516 419 amplius
549 364 694 405 uberis
1038 362 1276 405 Adtonitus
1308 360 1504 402 intentus

145 435 331 476 Aconito
365 450 500 491 genus
527 436 682 477 ueneni
1036 434 1342 489 Adstipulatus
1377 431 1604 474 adiucntus
1912 443 1946 466 κο

142 506 414 548 Acononitus
454 506 527 561 qui
565 507 673 548 nulli
707 508 999 550 communicat
1036 506 1340 562 Adstipulatos
1373 503 1551 545 idoneus
1585 505 1720 544 testes

107 590 123 614 ι’»
142 575 376 619 Acroceria
407 577 597 633 ligatura
630 578 913 620 articolorum
1038 577 1337 633 Adstipulatio
1370 574 1583 631 professio

140 648 223 691 Hic
232 648 380 690 acinus
391 652 434 690 et
445 649 507 691 hii
517 649 627 691 acini
638 649 807 705 generis
818 651 997 692 masculi
1036 649 1391 705 Adstipulatione
1425 646 1712 703 adsponsione

70 730 107 761 6¹·
140 719 310 762 Acuum
343 721 563 763 diathema
1036 721 1204 763 Adfinis
1237 719 1460 776 proximus

140 791 304 834 Accula
336 792 409 848 qui
442 793 582 834 aliena
613 795 730 835 terra
763 793 868 836 colit
1034 793 1291 835 Adluricum
1322 806 1390 833 res
1424 791 1476 833 ad
1508 791 1654 833 lumen
1687 793 1789 846 apta
1918 800 1954 829 71'

139 863 178 905 A
211 863 397 906 colmine
431 865 484 906 ab
518 865 608 906 alto
1035 866 1103 907 Ad
1136 878 1355 906 summum
1393 863 1445 904 ad
1482 863 1771 905 nouissimum
1815 866 1889 904 aut
1909 875 1943 899 36

86 951 120 976 10
138 934 350 978 Actutom
384 939 451 978 est
484 936 635 978 statim
669 936 900 979 confestim
1094 938 1147 979 ad
1180 935 1371 992 primum

137 1006 373 1050 Actuarius
407 1011 506 1051 acta
538 1008 611 1063 qui
642 1008 750 1052 facit
1032 1008 1350 1064 Aephyphama
1382 1007 1608 1062 apparatio
1643 1007 1834 1049 ostensio

137 1079 281 1122 Adeas
314 1080 491 1122 accedas
1031 1082 1187 1124 Aelam
1218 1079 1437 1135 porticum

136 1151 308 1193 Adonai
340 1152 539 1194 dominus
574 1152 824 1209 significans
1033 1154 1184 1196 Aeden
1217 1151 1380 1194 dilitias

137 1222 325 1264 Addedit
357 1223 507 1265 intolit
1033 1225 1218 1268 Aemolo
1252 1224 1400 1266 inuido
1908 1235 1942 1259 >¹0

83 1310 115 1335 15
135 1293 332 1350 Adeptus
366 1299 624 1339 consecutus
1032 1298 1241 1340 Aemolus
1273 1296 1473 1338 imitatur

133 1366 413 1422 Adepiscitur
446 1368 702 1424 consquitur
1033 1370 1216 1412 Aemola
1248 1369 1463 1410 imitatrix
1497 1384 1572 1410 seu
1605 1368 1787 1410 aduersa

133 1437 314 1496 Adest¹)
346 1443 496 1494 presto
530 1443 596 1483 est
1030 1442 1281 1484 Aemolatio
1320 1441 1436 1483 zelus
1470 1440 1691 1483 contentio
1726 1440 1888 1482 inuidia

134 1510 300 1553 Adesto
334 1512 542 1554 auxiliare
1030 1515 1217 1556 Aestuat
1250 1513 1399 1555 anxiat

133 1581 303 1624 Addida
335 1583 509 1626 adiucta
1030 1587 1191 1628 Aestus
1225 1585 1343 1627 calor
1903 1593 1937 1618 45

81 1670 114 1695 20
135 1653 278 1696 Adero
313 1655 557 1698 auxiliabor
589 1657 657 1698 uel
692 1672 869 1700 occorro
1027 1658 1412 1701 Aemolumentum
1457 1658 1623 1700 locrum
1667 1657 1736 1699 uel
1788 1672 1885 1712 que-

65 1738 107 1769 611
133 1725 298 1768 Adulta
330 1730 502 1769 matura
1088 1733 1205 1772 stum

131 1797 379 1841 Adnectens
411 1800 577 1842 nodans
610 1801 680 1843 uel
712 1802 854 1859 ligans
1026 1802 1268 1859 Equiperat
1292 1804 1454 1856 equant
1475 1804 1741 1857 conpensant
1762 1803 1885 1844 semi-

132 1869 351 1913 Adserens
385 1871 612 1927 disputans
646 1873 879 1915 adfirmans
1087 1874 1150 1915 lat

131 1941 335 1985 Adsertio
369 1943 607 1999 disputatio
1027 1945 1362 2002 Aequargentus
1396 1960 1465 1987 am
1477 1943 1510 2002 2)

79 2029 112 2056 :25
133 2013 346 2057 Adsertor
379 2015 660 2058 confirmator
1026 2016 1203 2073 Aequae
1237 2018 1377 2059 iustae
1912 2023 1950 2053 7¹¹

132 2085 375 2129 Adseuerat
407 2087 608 2129 adfirmat
1027 2089 1342 2145 Aequalentiae
1376 2089 1738 2132 semilediuisione
1905 2098 1938 2122 50

567 182 779 218 GLOSSAE
807 182 993 218 CODICIS
1022 178 1380 217 SANGALLENSIS
1407 182 1474 213 912
1807 177 1892 217 203

131 2157 456 2201 Adminiculum
489 2160 698 2202 auxilium
725 2161 988 2204 adiutorium
1029 2162 1232 2217 Aequora
1264 2161 1401 2203 maria
1434 2162 1487 2203 ab
1521 2162 1784 2217 aequalitate

229 2314 263 2358 1)
283 2317 368 2359 post
393 2313 416 2348 d
443 2314 560 2349 deleta
584 2316 601 2349 t
619 2316 630 2360 11
650 2315 685 2360 2)
711 2316 757 2361 91.
785 2316 870 2351 add.
899 2327 993 2351 man.
1023 2319 1042 2350 1
1064 2320 1191 2361 postea
1210 2318 1221 2361 11

230 2460 260 2492 1.
287 2456 494 2503 Acipitrem
520 2469 538 2494 c
566 2460 570 2503 1
601 2460 837 2504 acceptorem
863 2472 881 2495 c
912 2462 922 2505 11
954 2464 986 2494 2.
1014 2458 1164 2494 uberius
1191 2460 1242 2494 ab
1274 2461 1286 2503 11
1318 2463 1349 2494 3.
1376 2459 1574 2494 Aconitum
1602 2461 1683 2497 abc
1712 2463 1724 2506 11
1755 2465 1788 2497 4.
1814 2462 1883 2495 Ac-

131 2514 283 2556 nonitus
309 2517 360 2552 ab
392 2519 403 2562 11
435 2520 465 2552 5.
496 2516 738 2553 articulorum
765 2520 848 2555 abd
876 2520 887 2564 11
917 2524 948 2555 6.
974 2519 1114 2554 Acinns
1140 2519 1179 2553 hi
1206 2518 1305 2553 acini
1331 2519 1372 2553 di·
1401 2530 1536 2564 genere
1563 2519 1769 2555 masculino
1797 2522 1847 2556 ab
1873 2528 1885 2566 11

134 2577 164 2609 7.
192 2576 335 2610 Acuum
361 2579 469 2612 etiam
496 2590 528 2612 a.
573 2577 724 2612 Actium
751 2580 780 2614 b.
821 2579 975 2614 Accium
1002 2581 1026 2615 d
1054 2582 1059 2624 1
1089 2579 1264 2614 diadema
1290 2581 1352 2615 ab.
1391 2580 1576 2624 dyadema
1601 2581 1626 2616 d
1650 2582 1661 2625 11
1688 2584 1719 2616 8.
1746 2581 1884 2615 Accola

132 2636 217 2670 abd
238 2639 242 2679 1
267 2635 429 2671 alienam
455 2638 595 2671 terram
615 2639 699 2674 abd
721 2641 726 2682 1
749 2639 810 2674 uel
837 2639 999 2674 cultator
1025 2641 1109 2675 add.
1130 2641 1184 2675 ab
1204 2641 1215 2685 11
1236 2644 1267 2674 9.
1288 2639 1321 2673 Α
1342 2638 1502 2674 culmine
1523 2641 1578 2675 bd
1597 2640 1608 2684 11
1630 2644 1683 2675 10.
1703 2640 1883 2675 Actutum

132 2696 210 2730 sine
237 2696 296 2730 est
315 2697 346 2731 b.
379 2696 579 2731 Actutome
599 2710 622 2733 a
641 2699 652 2743 11
674 2702 728 2732 14.
750 2698 909 2733 Addidit
929 2701 979 2735 ab
1003 2701 1007 2744 1
1029 2699 1161 2734 intulit
1181 2701 1259 2735 abc
1277 2701 1288 2744 11
1311 2703 1365 2735 16.
1386 2699 1619 2744 Adipiscitur
1639 2702 1749 2736 abed
1771 2703 1775 2745 1
1799 2712 1882 2735 con-

137 2754 306 2800 sequitur
326 2768 349 2790 a
362 2756 413 2790 bd
433 2757 443 2800 11
466 2760 520 2790 19.
534 2755 677 2792 Addita
698 2757 877 2793 adiuncta
897 2770 914 2794 c
933 2760 944 2803 11
965 2762 1020 2793 20.
1036 2769 1226 2793 occurram
1241 2760 1291 2794 ab
1311 2760 1322 2803 11
1342 2763 1398 2795 28.
1414 2759 1597 2794 innodata
1610 2761 1635 2795 d
1657 2763 1662 2805 1
1684 2759 1883 2795 coniuncta

133 2815 213 2860 cdl!
232 2818 288 2849 29.
317 2815 469 2859 stupore
496 2815 638 2850 defixus
664 2816 831 2852 intentus
858 2819 882 2853 d
902 2820 912 2863 11
933 2822 987 2853 30.
1017 2817 1215 2853 adiunctus
1243 2819 1356 2855 abed
1375 2821 1386 2865 11
1407 2824 1461 2854 31.
1483 2819 1745 2864 Adstipulator
1771 2821 1848 2855 abc
1876 2820 1880 2866 1

134 2873 242 2908 testis
269 2885 287 2909 c
312 2876 323 2918 11
350 2878 405 2910 33.
432 2874 778 2920 Adstipulationem
805 2877 1095 2923 adsponsionem
1122 2880 1199 2914 abc
1231 2882 1241 2923 11
1273 2883 1328 2914 35.
1355 2879 1575 2914 Adluricum
1601 2890 1658 2913 res
1686 2879 1733 2914 ad
1759 2879 1882 2914 lusum

135 2935 226 2978 apta
252 2935 304 2969 ab
324 2936 335 2979 11
355 2937 410 2969 37.
432 2933 670 2979 Aepiphania
696 2938 747 2972 ab
770 2937 775 2982 1
798 2937 986 2982 apparitio
1013 2939 1064 2973 ab
1084 2939 1095 2983 11
1116 2942 1171 2974 39.
1195 2938 1349 2974 delicias
1376 2940 1460 2974 abd
1479 2941 1489 2985 11
1509 2942 1564 2974 40.
1586 2938 1742 2973 Aemulo
1769 2941 1846 2975 abc

132 2995 189 3027 41.
216 2993 394 3028 Aemulus
421 2995 535 3030 abed
568 2997 572 3040 1
608 2994 778 3031 imitator
804 2998 896 3032 abd.
937 2996 1155 3032 aemittator
1179 3009 1197 3033 c
1234 3000 1244 3044 11
1281 3002 1338 3035 42.
1366 2998 1524 3033 Aemula
1551 3000 1628 3034 abc
1663 3001 1667 3043 1
1708 2998 1880 3034 aemitta-

132 3050 206 3086 trix
231 3064 249 3087 c
280 3053 292 3097 11
323 3056 380 3088 43.
406 3053 620 3089 Aemulatio
646 3056 696 3091 cd
715 3056 726 3100 11
745 3059 802 3092 41.
831 3056 991 3090 calorem
1017 3056 1161 3101 patitur
1187 3057 1300 3093 sudat
1324 3059 1407 3094 add.
1436 3060 1565 3103 ιΖ1146.
1592 3057 1735 3092 lucrum
1761 3060 1844 3095 abd
1870 3064 1879 3082 ²

133 3114 190 3146 47.
215 3111 472 3157 Aequiperant
498 3115 549 3149 ab
571 3116 576 3159 1
600 3113 767 3150 similant
793 3117 844 3151 ab
864 3117 950 3161 1148.
978 3127 1044 3152 om.
1071 3118 1180 3153 abed
1208 3119 1218 3162 11
1250 3121 1306 3153 50.
1338 3118 1465 3162 Aequa
1491 3117 1597 3152 lance
1625 3116 1746 3152 simile
1774 3122 1809 3161 (e
1836 3131 1880 3155 ea:

135 3168 148 3205 i
175 3171 229 3217 αἳ)
260 3169 443 3209 diuisione
470 3173 521 3209 ab
540 3174 552 3217 11
572 3175 627 3209 51.
653 3174 773 3209 maria
804 3175 864 3211 uel
893 3174 1016 3224 campi
1042 3176 1089 3211 ab
1116 3176 1348 3225 aequalitate
1374 3177 1476 3212 dicta
1496 3178 1571 3213 abc
1590 3178 1601 3223 11
