2170 3522
731 207 945 242 GLOSSAE
972 208 1035 241 AB
1062 207 1247 242 ABSENS

108 318 362 359 Inaccessus
397 332 482 372 quo
514 332 602 359 non
635 317 855 360 acceditur

108 389 162 430 In
194 388 363 430 antedie
396 389 442 430 in
473 388 569 443 ipso
603 389 670 429 die

110 461 161 502 In
193 475 290 502 arce
323 460 369 501 in
401 459 610 514 capitulio

111 532 308 587 Ineptiae
340 546 409 573 res
442 546 580 573 uanae
611 546 701 572 non
733 534 833 586 apte

75 614 92 640 5
110 603 312 645 Inbarbis
346 603 438 644 sine
469 602 608 644 barba

111 675 290 717 Incassu
323 674 415 716 sine
448 689 579 716 causa
610 673 775 716 frustra

112 745 380 788 Increuescit
411 745 663 800 frequenter
696 745 946 787 diffamatur

112 817 294 860 Incursa
325 817 488 859 infesta

112 889 354 932 Inclemens
387 888 548 944 impius

61 974 94 998 10
113 960 430 1003 Incunabulum
462 961 647 1017 insignis
679 961 914 1002 infantium

113 1032 292 1074 Incessu
324 1046 477 1088 gressu

113 1103 380 1146 Increbescit
412 1103 528 1145 fama
562 1105 717 1146 crescit

114 1175 166 1217 In
198 1175 447 1218 coniectura
479 1175 525 1216 in
556 1176 735 1218 indictio

114 1247 322 1289 Incensus
354 1246 652 1289 inflammatus

62 1330 95 1356 15
114 1318 337 1361 Incestum
359 1318 433 1373 qui
454 1319 658 1361 concubit
674 1335 772 1361 cum
786 1334 974 1361 nouerca

175 1393 251 1432 aut
284 1405 431 1432 sorore

115 1462 167 1503 In
199 1463 604 1517 compendinatione
639 1463 683 1504 in
716 1463 934 1504 delatione

115 1533 429 1576 Inconcussum
461 1534 635 1576 firmum

117 1605 222 1647 Inde
254 1606 405 1647 deinde

116 1676 362 1733 Indegitem
395 1678 689 1719 habitatorem

63 1762 98 1787 20
115 1748 168 1790 In
188 1749 405 1791 deditione
425 1750 547 1791 uenit
567 1749 855 1804 praeteritum
870 1750 976 1791 dicit

116 1819 483 1863 Indemnitatibus

178 1893 334 1934 damno

116 1963 362 2007 Indefessus
395 1964 686 2021 infatigabilis

117 2036 314 2078 Indidem
348 2037 499 2078 exinde
532 2038 608 2079 dat

119 2107 282 2149 Indidit
314 2109 510 2164 inposuit
541 2109 728 2151 reddidit

67 2191 101 2217 25
119 2179 323 2221 Indolens
355 2180 494 2222 bonae
526 2181 717 2223 nationis
750 2184 930 2223 naturae

119 2251 402 2306 Inexpiabilis
431 2252 505 2307 qui
530 2268 618 2294 non
641 2253 834 2295 flectitur
854 2254 977 2308 <pre-

180 2323 303 2365 cibus
335 2323 514 2378 pietatis

120 2394 408 2437 Inexorabilis
445 2395 519 2449 qui
550 2410 639 2437 non
670 2396 891 2449 flectitur>
925 2398 977 2438 ad

180 2466 524 2521 depraecandum

120 2537 268 2580 Inerat
298 2538 361 2579 ibi
394 2541 487 2579 erat

219 2634 253 2675 1)
278 2632 326 2677 ql.
353 2635 400 2666 44
425 2636 457 2666 et
482 2634 528 2665 45
553 2633 831 2678 coniunqzmtur
850 2635 860 2677 [Ι

560 1821 806 1863 actionibus
883 1821 974 1863 sine

1774 207 1862 248 413

1006 316 1140 358 Instis
1173 317 1311 373 signis
1344 317 1469 373 piger

1006 387 1199 429 Infastus
1233 388 1308 443 qui
1341 389 1394 429 ad
1426 403 1549 430 sacra
1580 389 1772 443 pertinet
1884 400 1918 424 3⁰

1007 459 1152 501 lnfula
1184 460 1300 501 uitta
1332 475 1454 501 sacra
1484 462 1559 501 aut
1584 460 1699 501 uitta
1726 475 1864 502 sacro·
1891 467 1957 498 571¹

1067 546 1163 572 rum

1008 601 1231 644 Inflictum
1263 603 1486 658 inpactum

1008 673 1173 715 Insulas
1207 689 1385 716 munera
1419 675 1754 716 sacerdotalium

1010 744 1195 787 Inferiae
1227 746 1418 800 placatio
1452 746 1691 788 inferorum

1010 816 1178 872 Ingerit
1210 817 1343 859 infert
1885 830 1919 853 35

1008 887 1265 943 Ingruentia
1295 889 1516 932 inruentia

1010 959 1211 1015 Ingrauit
1244 961 1429 1015 requirit

1009 1031 1225 1073 Inhermis
1259 1031 1351 1074 sine
1385 1048 1506 1075 arma

1010 1103 1157 1145 Inhiat
1189 1104 1384 1146 intentus
1418 1105 1597 1147 denotat
1815 1161 1818 1162 ⁷

1011 1174 1230 1218 Inhorma'
1253 1176 1352 1231 plus
1386 1191 1410 1216 a
1442 1175 1582 1217 forma
1888 1188 1923 1210 4⁰

1015 1246 1224 1289 Inimicus
1258 1248 1532 1289 aduersarius

1013 1317 1145 1360 Inicit
1176 1318 1365 1360 inmittit
1397 1319 1496 1360 iniit

1013 1389 1211 1432 Inlauere
1244 1390 1424 1432 influere

1013 1460 1162 1503 Inlicit
1193 1462 1360 1504 inducit

1013 1532 1253 1575 Inluminat
1285 1535 1426 1576 abluit
1441 1534 1474 1590 ¹)
1889 1544 1924 1569 45

1013 1604 1233 1648 Inludicro
1266 1621 1334 1648 res
1369 1621 1477 1661 quae
1511 1607 1561 1648 de
1594 1607 1688 1649 luto
1719 1608 1847 1650 datur

1013 1676 1065 1718 In
1096 1677 1266 1720 lubrico
1299 1678 1343 1719 111
1376 1678 1470 1720 luto

1014 1748 1189 1791 Inmitis
1224 1749 1409 1792 crudelis

1014 1819 1207 1862 Inmanis
1245 1836 1370 1876 asper

1014 1891 1097 1933 Ilia
1128 1892 1298 1934 uiscera
1891 1904 1925 1927 5⁰

1014 1962 1219 2018 Inpulsor
1251 1967 1401 2006 oratur
1433 1967 1677 2008 concitatur

1015 2035 1067 2076 In
1098 2037 1409 2091 praestandum
1443 2038 1487 2079 in
1519 2040 1814 2094 peragendum

1014 2106 1216 2163 Inpatrat
1247 2123 1339 2150 rem
1372 2109 1626 2151 manifestat

1015 2179 1203 2234 Inpensa
1235 2181 1432 2236 erogatio

1014 2251 1179 2293 Inritus
1214 2251 1305 2293 sine
1339 2252 1497 2295 affectu
1529 2254 1670 2295 inanis
1703 2270 1840 2296 uanus
1892 2262 1925 2285 55

1016 2323 1199 2379 Inrogat
1230 2323 1363 2365 infert

1016 2395 1283 2437 Insolescere
1316 2411 1508 2439 crescere

1016 2466 1214 2509 Insilitus
1247 2468 1409 2510 nobilis
1444 2469 1586 2511 clarus

1017 2538 1233 2581 Insuescit
1265 2539 1356 2581 sine
1391 2541 1700 2582 consuetudine
1733 2541 1838 2584 facit

220 2719 249 2749 1.
271 2713 337 2758 qui
355 2716 381 2757 f.
422 2714 522 2759 quod
542 2726 560 2750 c
579 2716 590 2760 ΙΙ
611 2719 641 2750 3.
664 2715 843 2760 capitolio
864 2717 910 2761 fn
930 2720 961 2751 5.
983 2729 1049 2752 orm.
1071 2728 1089 2752 c
1111 2719 1115 2760 1
1138 2715 1307 2750 Inberbis
1323 2718 1369 2762 ΓΗ
1402 2721 1432 2751 6.
1448 2716 1640 2752 Incassum
1653 2719 1702 2753 (le
1721 2721 1732 2762 ΙΙ
1755 2722 1784 2753 7.
1807 2731 1871 2753 om.

123 2774 199 2817 def
209 2774 212 2821 Ι
228 2773 458 2808 Increbescit
477 2785 520 2808 ea:
533 2773 762 2809 Increuescit
784 2776 803 2810 b
823 2778 835 2820 ΙΙ
856 2779 910 2810 10.
926 2776 1168 2810 Incunabulis
1189 2776 1214 2811 cl
1221 2788 1237 2810 e
1257 2778 1268 2821 ΙΙ
1293 2779 1343 2810 12.
1359 2776 1604 2811 Increbrescit
1618 2779 1700 2822 abs
1712 2780 1723 2822 Η
1748 2783 1799 2813 13.
1821 2779 1874 2812 in-

123 2832 221 2868 dicio
241 2845 270 2869 c.
308 2832 448 2867 iudicio
475 2833 524 2867 de
543 2834 555 2877 ss
576 2837 629 2868 14.
652 2845 718 2870 om.
740 2835 820 2878 def
831 2836 843 2879 ΙΙ
864 2838 918 2869 15.
941 2835 1154 2870 concumbit
1173 2836 1219 2880 fn
1241 2839 1296 2870 16.
1317 2835 1711 2880 comperendinatione
1732 2839 1872 2882 abdef.

123 2892 477 2937 coperendinatione
496 2903 516 2927 c
538 2893 543 2936 Ι
566 2891 748 2928 dilatione
768 2895 792 2929 d
811 2896 822 2939 ss
847 2898 898 2929 18.
920 2906 985 2929 om.
1007 2895 1055 2938 cf
1067 2895 1078 2939 ΙΙ
1099 2898 1155 2930 19.
1176 2906 1242 2932 om.
1264 2895 1372 2939 bdef
1384 2897 1395 2939 ΙΙ
1415 2899 1470 2930 20.
1491 2895 1776 2940 inpraeteritum
1797 2899 1844 2933 {Ie
1864 2899 1875 2926 ³³

123 2955 180 2988 21.
207 2951 423 2986 accionibus
450 2952 611 2996 αά1123.
639 2951 772 2987 exinde
799 2952 886 2987 inde
914 2954 1046 2998 bdefss
1066 2958 1123 2989 25.
1143 2954 1291 2988 Indoles
1318 2956 1342 2989 d
1367 2967 1411 2989 ea:
1437 2967 1526 2990 corr.
1548 2960 1581 2990 et
1605 2957 1652 3000 fl}
1674 2959 1730 2991 29.
1756 2957 1873 2991 1116313

125 3012 198 3057 bf}
222 3012 348 3056 segnis
374 3013 420 3057 fl!
441 3015 496 3046 30.
524 3022 596 3058 que
626 3013 658 3047 b.
703 3015 727 3058 (ἶ
751 3013 780 3056 f.
825 3013 925 3057 quod
951 3025 969 3048 c
988 3015 999 3058 Η
1025 3017 1080 3048 31.
1108 3013 1170 3047 1161
1195 3013 1313 3048 uestis
1341 3014 1577 3048 sacerdotum
1602 3016 1650 3060 fu
1670 3019 1724 3050 33.
1753 3015 1875 3060 digni-

123 3072 247 3105 tatum
272 3072 356 3107 add.
383 3073 406 3115 f
436 3073 447 3116 ΙΙ
485 3074 541 3105 38.
566 3070 722 3105 inermis
748 3072 800 3107 ab
838 3073 850 3116 ΙΙ
886 3075 943 3106 40.
971 3083 1028 3107 om
1065 3073 1145 3116 def
1174 3074 1185 3117 ΙΙ
1223 3076 1278 3108 43.
1306 3073 1475 3107 Inlabere
1503 3074 1582 3108 bde
1615 3076 1626 3119 Η
1662 3078 1718 3110 45.
1746 3075 1876 3111 abluet

126 3131 280 3175 bcdefss
301 3134 358 3166 50.
385 3142 451 3165 om.
480 3130 558 3174 bcf
576 3132 588 3176 11
613 3133 669 3165 51.
696 3130 868 3165 hortator
894 3132 953 3166 de.
1004 3133 1129 3166 orator
1155 3144 1189 3168 a.
1240 3135 1384 3167 ortator
1410 3134 1505 3178 besl
1529 3133 1736 3169 concitator
1762 3136 1872 3181 bedf.

125 3189 335 3224 concitatus
361 3202 385 3224 a
403 3191 415 3235 ΙΙ
435 3194 490 3225 53.
518 3189 687 3234 Inpetrat
712 3191 760 3226 de
778 3192 790 3235 ΙΙ
811 3193 866 3226 55.
894 3201 1035 3224 uacuus
1061 3191 1141 3235 def
1152 3193 1165 3237 ΙΙ
1185 3196 1239 3227 59.
1267 3191 1453 3226 Iusilescit
1478 3194 1501 3237 f
1513 3195 1525 3239 Η
