2170 3522
99 1072 133 1096 10

100 1434 132 1459 15

100 1870 134 1894 20

629 156 842 192 GLOSSAE
870 156 1055 191 CODICIS
1082 156 1315 191 VATICANI
1342 160 1432 191 3321

150 267 346 324 Nimpha
377 269 643 323 deaquarum

151 339 372 382 Nimirum
422 340 548 381 ualde
599 339 758 380 mirum
802 338 872 380 uel
918 338 1010 379 sine

212 412 344 454 dubio
377 411 573 467 profecto

152 483 363 538 Nimquid
394 498 483 525 non
515 483 681 538 aliquid

152 555 357 611 Nimquis
389 570 479 597 non
511 554 669 609 aliquis

151 625 373 669 Ninnarus
412 627 552 669 morio
592 626 714 669 cuius
746 628 856 668 UXOI'
890 641 1011 668 neca-

211 702 283 741 tur
316 702 359 741 et
391 701 509 741 tacet

151 770 310 826 Niquis
342 771 429 813 nisi
462 770 559 826 quis
591 770 676 812 nisi
707 785 796 812 non

151 842 264 885 Nisu
297 843 523 885 conamine
556 843 626 884 uel
660 845 819 884 conatu

151 914 287 957 Nisur
320 918 502 958 conatus
535 915 771 956 admolitus

152 986 315 1029 Nitura
347 987 551 1043 genitura

152 1058 310 1101 Nitens
344 1059 509 1102 nitidus

152 1131 280 1173 Niter
313 1132 511 1187 splendet
543 1132 613 1173 uel
646 1131 764 1174 lucet

151 1203 323 1246 Nititur
354 1204 527 1246 laborat

152 1275 381 1317 Nitentem
415 1276 646 1318 candidum
678 1276 747 1317 uel
779 1276 967 1318 nitidum

152 1347 309 1389 Nitens
343 1348 572 1390 ambulans

154 1418 286 1462 Nitor
319 1420 523 1475 splendor

152 1491 292 1534 Nixus
332 1492 491 1535 curbus
532 1495 607 1534 aut
644 1507 808 1547 pronus
849 1493 919 1535 uel
951 1493 1013 1534 in-

214 1565 420 1607 cumbens
433 1563 463 1621 ¹)

153 1636 192 1678 N
197 1637 287 1679 icili
318 1637 430 1679 nihil

153 1708 265 1751 Nixe
298 1709 492 1751 munitae

156 1780 232 1834 [Ni
263 1782 349 1824 nisi

153 1852 369 1895 Nituntur
402 1857 615 1896 conantur

154 1925 341 1968 Nimbus
374 1926 525 1981 plubia

155 1997 295 2041 Nibus
328 1999 525 2054 peditum
552 1999 788 2041 multitudo
818 2000 1015 2055 peditum

154 2069 327 2112 Nititur
359 2074 542 2114 conatur

1825 156 1907 196 125

1048 265 1205 308 Nitent
1236 267 1489 309 incumbent

1048 338 1202 380 Nitille
1237 338 1403 381 nitores
1927 349 1960 374 25

1049 408 1262 452 Nitenens
1295 426 1456 453 conans

1048 481 1172 523 Nihil
1205 483 1329 536 pensi
1360 483 1471 524 nihil
1504 482 1729 524 diiudicati

1048 553 1172 595 Nihil
1198 554 1451 609 impendens
1478 569 1557 609 pro
1583 554 1721 596 nihilo
1742 554 1908 595 habens

1050 625 1253 667 Nitentes
1285 626 1448 668 nitidos

1049 697 1202 739 Nimbi
1235 698 1357 740 benti
1390 698 1513 753 aquis
1547 698 1691 752 mixti]

1169 769 1234 811 De
1266 786 1296 811 n
1329 773 1372 812 et
1405 785 1429 812 o

1050 840 1151 884 Non
1184 842 1364 884 dubium
1396 857 1548 884 uerum

1050 914 1264 956 Nonnulli
1298 914 1513 969 aliquanti
1545 914 1615 955 uel
1649 913 1813 969 aliquid

1050 985 1391 1042 Nonnumquam
1440 987 1660 1028 interdum
1716 986 1785 1027 uel
1836 985 1908 1027 ali-

1929 709 1963 733 :30

1936 777 1951 806 1
1959 776 2020 808 04r

1111 1060 1331 1115 quandum

1052 1131 1151 1174 Non
1182 1132 1329 1175 nescio
1361 1147 1450 1174 non
1482 1131 1637 1187 ignoro
1930 1141 1964 1165 3⁵

1053 1204 1207 1246 Nonne
1240 1204 1452 1260 numquid
1483 1219 1572 1246 non

1051 1276 1154 1319 Non
1186 1292 1309 1319 secus
1340 1291 1430 1318 non
1462 1276 1603 1317 simile

1051 1349 1219 1392 Norma
1268 1363 1472 1391 mensura
1516 1348 1598 1389 aud
1646 1348 1799 1404 regula
1841 1347 1911 1389 uel

1113 1422 1284 1477 equitas
1317 1421 1470 1463 modus

1051 1493 1227 1536 Norunt
1257 1496 1476 1535 nouerunt

1053 1566 1221 1608 Noram
1252 1580 1461 1608 noueram

1052 1638 1209 1681 Noscit
1242 1638 1348 1680 dicit
1379 1638 1450 1680 uel
1482 1637 1673 1693 ignoscit

1053 1710 1244 1753 Noscere
1278 1710 1551 1752 considerare

1053 1782 1161 1825 Noti
1200 1782 1372 1840 generis
1418 1782 1580 1838 ingesti
1619 1797 1670 1823 ex
1715 1782 1912 1823 adultero

1114 1858 1158 1897 et
1191 1855 1389 1897 adultera
1419 1854 1514 1896 nati

1054 1927 1198 1970 Noxia
1229 1928 1346 1969 mala

1053 1999 1248 2042 Nobales
1289 2014 1466 2054 campos
1504 1999 1575 2041 uel
1612 1999 1746 2041 siluas
1778 2015 1914 2055 nuper
1933 2009 1968 2034 -15

1114 2075 1232 2115 satas

1931 1577 1966 1600 210

253 2227 287 2271 1)
314 2237 359 2262 ex
385 2225 540 2261 cumbus
566 2238 658 2262 corr.
684 2225 724 2260 in
748 2231 782 2263 et
807 2237 873 2262 ens
898 2239 1014 2274 supra
1038 2228 1187 2273 scriptis
1211 2238 1257 2262 m.
1283 2230 1309 2262 2
1329 2228 1341 2271 ΙΙ

253 2375 284 2408 1.
311 2370 466 2417 Ninpha
491 2383 511 2407 0
531 2373 536 2416 Ι
560 2371 632 2406 dea
657 2382 840 2416 aquarum
866 2384 891 2407 α
918 2374 929 2417 fl
961 2377 993 2407 2.
1022 2383 1087 2407 seu
1112 2371 1280 2417 profecto
1307 2383 1341 2406 a.
1381 2381 1449 2406 om.
1475 2372 1526 2406 cd
1545 2373 1556 2417 [Ι
1583 2376 1614 2407 3.
1641 2371 1835 2416 Numquid
1861 2383 1879 2406 c
1904 2372 1914 2408 3}

156 2434 186 2465 4.
215 2431 402 2475 Numquis
423 2443 440 2467 c
459 2434 470 2478 11
490 2435 521 2467 5.
550 2431 714 2466 Niuarus
734 2444 763 2467 c.
802 2431 1006 2466 Nimuarus
1033 2445 1056 2467 (ι
1079 2437 1082 2475 Ι
1105 2431 1332 2466 morioculus
1352 2443 1380 2467 c.
1408 2431 1567 2466 maritus
1594 2431 1699 2466 cuius
1720 2445 1743 2467 α
1765 2434 1770 2477 l
1792 2442 1914 2466 meca-

157 2492 219 2525 tur
244 2493 295 2526 ed
314 2494 325 2536 ΙΙ
346 2497 376 2527 6,
404 2491 547 2536 Nequis
567 2495 615 2536 (311
637 2495 667 2526 7.
695 2491 829 2526 Nisum
849 2504 868 2528 c
891 2494 894 2538 Ι
918 2495 985 2527 aut
1011 2494 1148 2527 conatu
1168 2493 1202 2527 d.
1242 2493 1443 2526 umconatu
1468 2503 1486 2527 c
1505 2493 1516 2536 ΙΙ
1537 2499 1568 2527 ὃ.
1596 2491 1710 2526 Nisus
1736 2494 1816 2527 aed
1839 2493 1843 2537 Ι
1867 2503 1915 2526 an

157 2552 311 2586 molitus
337 2565 370 2587 a.
412 2554 478 2587 aut
509 2551 662 2586 molitus
688 2554 742 2588 cd
767 2554 778 2597 ΙΙ
806 2557 860 2588 10.
887 2552 995 2588 Nites
1022 2565 1041 2588 c
1066 2555 1077 2599 ΙΙ
1104 2557 1158 2588 11.
1186 2552 1293 2587 Nitet
1321 2553 1402 2587 aed
1431 2556 1434 2596 Ι
1459 2553 1525 2586 aut
1550 2553 1584 2587 (Z.
1624 2554 1666 2586 ut
1691 2564 1710 2587 c
1735 2554 1745 2597 ΙΙ
1774 2554 1826 2585 15.
1855 2563 1914 2585 ex-

158 2612 335 2657 splendor
360 2625 383 2648 a
414 2615 425 2658 ΙΙ
459 2617 512 2648 16.
541 2614 608 2647 aut
633 2624 697 2648 om.
726 2626 749 2648 a
772 2616 776 2659 l
800 2613 861 2648 uel
887 2626 954 2649 om.
980 2626 1004 2648 α
1035 2617 1046 2659 Η
1080 2617 1133 2649 17.
1161 2625 1228 2648 om.
1255 2614 1304 2648 cd
1327 2615 1331 2658 l
1354 2611 1498 2646 Nichili
1522 2612 1641 2647 nichil
1667 2624 1690 2646 a
1715 2614 1726 2657 ΙΙ
1755 2615 1809 2646 18.
1836 2624 1914 2645 niu-

158 2671 239 2706 nita
265 2684 283 2707 c
315 2674 326 2717 ΙΙ
363 2676 419 2707 21.
447 2671 605 2706 Nimbos
631 2672 762 2717 pluuia
788 2686 812 2708 α
843 2676 854 2719 Η
887 2677 942 2708 22.
970 2673 1128 2708 Nimbus
1156 2686 1179 2708 a
1211 2674 1221 2718 ll
1254 2677 1310 2708 23.
1337 2677 1392 2708 24.
1421 2685 1486 2709 om.
1514 2685 1538 2708 a
1569 2675 1580 2717 11
1612 2677 1666 2707 26.
1695 2672 1829 2706 Nitens
1856 2684 1880 2706 (ι
1904 2672 1915 2718 li

159 2735 216 2766 27.
243 2731 371 2767 Nichil
397 2745 420 2767 a
455 2742 458 2774 ι
491 2731 607 2766 nichil
633 2745 656 2767 a
693 2734 705 2778 ΙΙ
743 2737 797 2768 28.
826 2732 969 2767 Nicliili
994 2734 1161 2778 pendens
1188 2747 1212 2769 α
1246 2739 1249 2777 ἢ
1285 2745 1351 2779 pro
1378 2733 1518 2768 nichilo
1545 2746 1569 2768 α
1600 2735 1611 2778 ΙΙ
1645 2738 1699 2768 30.
1726 2732 1831 2766 uenti
1856 2744 1879 2767 a
1904 2732 1916 2779 Η

159 2796 214 2827 31.
243 2804 314 2827 om.
341 2794 421 2828 aed
464 2794 475 2837 ΙΙ
519 2796 575 2826 32.
598 2794 827 2838 praecedunt
858 2795 900 2828 in
925 2806 967 2828 a:
1000 2793 1119 2828 Nocte
1152 2793 1382 2839 intempesta
1407 2793 1534 2829 media
1559 2795 1687 2836 nocte,
1719 2791 1914 2826 Nocentis-

160 2852 276 2887 simus
315 2851 623 2896 scelestissimus,
660 2853 956 2888 Nomenculator
993 2853 1186 2888 nominum
1225 2854 1369 2889 calator
1401 2854 1525 2888 calare
1559 2853 1737 2888 dicebant
1768 2851 1916 2895 antiqui

158 2912 230 2947 hoc
262 2914 320 2947 est
351 2913 551 2948 calamare.
602 2914 744 2948 eaedem
775 2915 913 2960 ylossae
951 2915 994 2948 in
1026 2915 1105 2949 bed
1136 2919 1239 2958 sum,
1276 2915 1351 2949 ‘nisi'
1383 2914 1479 2960 quod
1518 2911 1813 2947 scelentissimus
1845 2913 1914 2955 cd,

159 2972 480 3018 Nonmenculator
505 2984 539 3016 c,
566 2971 650 3006 idus
677 2985 711 3017 c,
739 2973 884 3009 calaere
910 2985 947 3017 c,
971 2977 1013 3008 ut
1032 2975 1178 3009 minora
1197 2975 1340 3009 'mittam
1362 2976 1367 3018 Ι
1390 2972 1631 3008 Nonduuium
1652 2985 1670 3008 c
1688 2975 1700 3018 ΙΙ
1719 2976 1774 3008 33.
1796 2971 1915 3016 aliqui

160 3035 226 3069 acl.
266 3033 392 3077 alique
418 3045 436 3068 c
455 3034 465 3077 ΙΙ
486 3036 543 3067 34.
570 3032 835 3077 Nonuinquam
862 3045 880 3068 c
903 3037 905 3076 Ι
930 3031 1135 3077 aliquando
1162 3034 1243 3069 aed
1263 3034 1273 3078 ΙΙ
1300 3037 1355 3070 37.
1384 3032 1496 3068 sectis
1522 3045 1540 3068 c
1565 3035 1577 3078 11
1602 3036 1657 3068 38.
1686 3032 1761 3066 aud
1786 3044 1852 3068 om.
1880 3045 1914 3068 a.

161 3093 222 3127 uel
241 3105 260 3128 c
282 3097 286 3138 Ι
308 3092 441 3126 modus
462 3104 528 3126 om.
548 3093 599 3127 cd
617 3093 629 3138 ΙΙ
647 3096 705 3129 41.
726 3093 788 3127 uel
807 3105 875 3128 om.
889 3094 970 3128 aed
993 3096 997 3137 Ι
1020 3092 1184 3138 ignoscit
1202 3106 1269 3130 om.
1284 3106 1303 3129 c
1321 3096 1333 3139 ss
1352 3097 1409 3129 42.
1430 3106 1496 3128 om.
1512 3105 1530 3129 c
1549 3095 1559 3137 ΙΙ
1580 3096 1635 3127 43.
1650 3092 1787 3127 incesti
1805 3094 1886 3128 aed
1909 3093 1912 3140 1

162 3163 207 3187 ex
233 3152 419 3188 adulterio
446 3164 465 3188 c
486 3154 491 3197 1
514 3152 567 3198 et]
597 3163 640 3187 eo
666 3154 792 3198 01144.
818 3154 861 3187 ut
885 3152 998 3197 culpa
1023 3154 1108 3188 add.
1135 3165 1154 3189 c
1178 3157 1190 3200 ΙΙ
1215 3157 1271 3190 45.
1299 3166 1365 3189 om.
1392 3166 1411 3188 c
1433 3158 1437 3197 1
1466 3152 1631 3187 Nouales
1658 3153 1714 3188 ad
1736 3155 1740 3198 Ι
1764 3154 1831 3188 aut
1855 3154 1880 3189 d
1904 3153 1916 3201 Η
