2170 3522
796 165 1010 201 GLOSSAE
1036 165 1231 201 ABAVVS

139 273 354 317 Pubertas
388 275 577 330 tempori
610 290 695 330 quo
731 275 890 317 femine
924 277 1000 318 mi-

201 362 318 389 scere
350 349 499 402 potest

138 417 281 460 Puues
314 418 519 460 iuuentus

140 490 259 532 Puue
293 493 420 532 tenus
453 506 590 546 usque
622 492 868 546 puuertatis
901 493 998 535 loca

138 561 283 604 Puuat
316 563 474 605 crescit
505 563 771 605 incrementa

103 646 118 671 5
138 633 331 676 Puuinus
364 635 550 677 lectulus

136 705 342 762 Pymm')
368 707 582 749 instruem
602 707 824 763 lignorum
844 708 889 749 in
911 723 995 764 qua

196 779 381 835 gentiles
416 779 663 821 sacrificant

138 995 359 1052 Quaedam
393 996 584 1051 aliquam

136 1066 321 1123 Quescio
355 1068 620 1110 examinatio
653 1068 888 1123 inquesitio

137 1140 353 1191 Quaestor
384 1141 629 1196 inquesitor

84 1226 117 1250 10
136 1212 369 1263 Quaescios
401 1213 599 1255 lucrosus

138 1285 355 1335 Quaestus
389 1301 486 1327 sum
519 1286 693 1341 culpaui

136 1358 334 1408 Qualitas
367 1357 530 1413 positio
564 1358 650 1400 loci
682 1358 751 1399 uel
785 1358 942 1413 spicies

136 1431 323 1481 Qualum
356 1430 544 1473 cofinum

136 1502 409 1558 Quamquam
455 1503 538 1544 etsi
590 1503 693 1544 licet
743 1504 812 1545 uel
859 1503 993 1545 etiam

194 1575 393 1630 quamuis

82 1659 114 1684 15
134 1645 361 1696 Quandam
394 1647 585 1703 aliquam

133 1717 332 1768 Quandiu
363 1735 501 1775 usque
535 1735 705 1776 quoque

135 1791 316 1841 Quando
338 1791 572 1847 aliquando
595 1793 664 1834 uel
687 1808 772 1848 quo
795 1796 992 1848 tempore

134 1862 400 1919 Quandoque
434 1865 794 1920 quandocumque

134 1935 369 1985 Quantitas
403 1937 531 1979 modo
564 1937 765 1993 designat

79 2022 112 2046 20
132 2007 401 2057 Quantocius
429 2010 601 2064 quando
622 2010 816 2052 uelocius
839 2010 907 2051 uel
930 2025 992 2052 ce-

191 2081 324 2124 lerius

132 2152 402 2203 Quantulum
440 2155 658 2198 modicum

132 2225 274 2275 Quare
308 2241 419 2282 quur

134 2297 325 2348 Quassat
345 2300 576 2342 contundit
596 2303 725 2342 uexet
740 2300 993 2342 comminiet

134 2369 358 2420 Quatenus
405 2387 490 2426 qua
529 2372 702 2414 racione
745 2373 814 2414 uel
854 2387 991 2428 usque

193 2457 278 2498 quo

230 2576 263 2619 1)
288 2586 398 2620 super
421 2587 445 2619 y
471 2577 609 2620 scripta
634 2580 683 2610 est
709 2576 721 2610 i
747 2589 792 2611 m.
820 2580 839 2611 1
860 2577 872 2620 ΙΙ

1806 167 1892 208 383

1039 275 1226 326 Quatere
1258 279 1485 332 percutere
1517 277 1697 318 tundere

1038 347 1190 397 Quatit
1224 348 1419 391 concutit
1452 348 1690 390 commouit

1037 418 1243 468 Quatitur
1277 420 1527 463 concutitur
1558 436 1610 462 ue
1644 421 1893 463 coniunctio

1038 491 1203 541 Queam
1234 493 1400 547 possim

1034 562 1171 613 Quem
1205 564 1257 605 ad
1289 564 1420 606 finem
1454 568 1668 620 quatenus

1035 635 1293 691 Quempiam
1340 651 1656 692 quemcumque
1702 639 1771 679 uel
1819 638 1893 680 ali·
1912 651 1947 674 30

1093 723 1221 764 quem

1035 780 1154 830 Queo
1188 795 1320 836 posso

1036 853 1239 902 Querella
1272 853 1493 895 accusatio

1035 923 1308 974 Querellatus
1343 928 1522 980 quertus

1034 995 1323 1045 Queremonia
1354 997 1558 1052 frequens
1593 999 1776 1052 querilla

1036 1069 1238 1119 Queritat
1270 1069 1484 1112 uociferat
1517 1070 1677 1112 clamat
1914 1083 1948 1107 :35

1036 1141 1227 1192 Querula
1261 1142 1455 1197 querella
1486 1146 1628 1184 minor

1035 1212 1249 1263 Querulus
1284 1214 1476 1256 adsidius
1511 1215 1700 1269 querelle

1036 1285 1182 1336 Queue
1217 1286 1299 1328 etsi
1332 1286 1435 1328 licet

1035 1358 1209 1408 Queunt
1241 1363 1426 1413 possunt

1034 1431 1242 1480 Queuerit
1274 1432 1468 1486 potuerit
1912 1445 1947 1469 4¹>

1033 1502 1223 1552 Queuint
1256 1504 1429 1558 possint

1034 1574 1304 1624 Quibusdam
1336 1590 1568 1630 personam
1602 1577 1831 1620 referentis

1035 1647 1306 1697 Quibusnam
1351 1663 1583 1702 personam
1628 1650 1891 1704 requirentis

1091 1719 1255 1762 indicat

1034 1791 1289 1848 Quibusque
1324 1792 1668 1849 quibuscumque

1031 1864 1216 1913 Quidam
1259 1864 1423 1919 aliquid
1462 1865 1528 1906 uel
1565 1868 1783 1909 modicum
1817 1869 1889 1910 ali·
1911 1880 1945 1904 4⁵

1092 1937 1213 1980 cuius
1246 1938 1308 1979 rei

1033 2010 1192 2060 Quidni
1226 2011 1339 2065 quod
1374 2011 1410 2052 si
1443 2026 1527 2052 non
1563 2012 1631 2053 uel
1665 2012 1749 2053 nisi

1031 2082 1143 2132 Quid
1175 2098 1306 2138 porro
1341 2083 1443 2138 quid
1477 2083 1628 2126 deinde

1032 2155 1162 2205 Quies
1194 2170 1279 2210 pax
1312 2154 1534 2197 silentium

1033 2227 1263 2278 Quiescere
1296 2226 1404 2269 facit
1436 2228 1560 2269 sedat

1031 2299 1247 2349 Quietudo
1280 2316 1363 2356 pax
1398 2300 1607 2342 securitas
1911 2314 1945 2339 50

1032 2373 1214 2423 Quietus
1249 2373 1393 2415 mollis
1427 2373 1547 2415 mitis
1580 2374 1776 2428 placidus

1031 2445 1144 2495 Quin
1170 2445 1323 2500 utique
1351 2445 1584 2500 aliquando
1612 2447 1681 2488 uel
1703 2446 1777 2501 qui
1804 2462 1891 2488 11011

231 2698 258 2730 1.
286 2696 454 2740 tempore
482 2696 501 2730 b
524 2697 528 2739 Ι
551 2695 700 2730 misceri
726 2697 802 2731 abe
833 2698 845 2741 ΙΙ
877 2701 908 2731 2.
936 2696 1058 2731 Pubes
1085 2696 1163 2732 abe
1193 2699 1205 2742 Η
1237 2700 1268 2730 3.
1297 2695 1511 2732 Pubetenus
1539 2699 1616 2734 abe
1639 2699 1642 2743 Ι
1674 2696 1888 2743 pubertatis

131 2755 209 2790 abe
233 2757 245 2800 ΙΙ
271 2758 302 2790 4.
330 2755 456 2790 Pubat
480 2756 556 2791 abe
579 2758 583 2801 Ι
606 2755 856 2791 incrementat
881 2758 932 2791 ab
953 2757 964 2801 Η
984 2760 1016 2791 5.
1044 2755 1210 2791 Pubinus
1236 2770 1259 2791 α
1285 2759 1295 2801 ΙΙ
1327 2761 1357 2792 8.
1386 2757 1564 2800 Quaestio
1591 2760 1641 2793 ab
1665 2761 1669 2802 Ι
1692 2757 1888 2802 inquisitio

131 2815 182 2850 ab
214 2817 226 2861 Η
258 2818 289 2850 9.
316 2814 519 2860 inquisitor
545 2817 564 2851 b
593 2817 604 2861 ΙΙ
638 2821 692 2852 10.
721 2816 978 2859 Quaestuosus
1004 2818 1081 2852 abe
1112 2818 1124 2862 ΙΙ
1158 2822 1212 2853 12.
1241 2817 1384 2862 species
1412 2820 1462 2854 ab
1488 2820 1500 2864 ΙΙ
1528 2822 1580 2855 12.
1609 2817 1810 2863 cophinum
1836 2830 1853 2854 e
1879 2820 1880 2827 ¹

133 2879 188 2910 16.
216 2886 288 2919 quo
315 2877 392 2911 abe
411 2878 422 2922 ΙΙ
444 2880 499 2911 19.
526 2876 658 2910 modus
685 2876 906 2922 designatus
934 2878 1011 2923 aAbe
1030 2879 1042 2923 ΙΙ
1062 2882 1119 2913 20.
1144 2879 1287 2922 quanto
1313 2879 1390 2914 abe
1409 2880 1419 2924 ΙΙ
1442 2883 1496 2914 22.
1519 2890 1582 2913 cur
1603 2880 1648 2914 be
1665 2880 1678 2923 n
1697 2883 1753 2913 23.
1775 2880 1890 2913 uexat

131 2936 208 2970 abe
230 2935 235 2981 Ι
258 2935 488 2970 comminuet
512 2937 575 2972 ab.
616 2938 828 2972 commouet
853 2949 870 2973 e
889 2939 900 2982 ΙΙ
920 2941 975 2973 24.
998 2936 1182 2979 Quatinus
1210 2939 1230 2973 b
1255 2940 1258 2982 Ι
1281 2939 1428 2973 ratione
1455 2940 1531 2974 abe
1550 2940 1562 2983 ΙΙ
1582 2943 1638 2974 25.
1659 2938 1888 2973 contundere

131 2996 208 3031 abe
226 2997 238 3042 ΙΙ
258 3000 313 3032 27.
334 2997 429 3032 duae
454 2998 496 3032 in
521 2998 573 3032 ab
591 3002 679 3033 sum
695 2999 847 3044 ylossae,
873 3010 1029 3044 quarum
1042 3000 1224 3043 posterior
1244 3003 1311 3034 est.-
1339 2998 1442 3041 Quae
1464 2998 1559 3043 (Que
1580 2999 1616 3042 b)
1645 2997 1857 3033 coniunctio
1878 3000 1888 3045 [l

132 3059 187 3090 31.
207 3067 361 3101 possum
387 3058 407 3092 b
426 3059 438 3102 ΙΙ
458 3061 514 3092 33.
536 3059 690 3102 questus
718 3059 772 3094 be.
812 3059 992 3102 quaestus
1017 3071 1042 3093 a
1059 3060 1072 3103 ΙΙ
1091 3062 1147 3094 34.
1170 3057 1412 3101 Querimonia
1437 3059 1498 3094 ab.
1546 3057 1810 3100 Quaerimonia
1835 3070 1853 3094 e

132 3115 300 3159 querella
326 3117 377 3151 ab
407 3118 419 3161 Η
447 3120 503 3152 37.
532 3116 712 3152 adsiduus
739 3119 815 3153 abe
844 3121 848 3160 Ι
877 3117 916 3151 111
943 3117 1110 3162 querella
1135 3130 1152 3153 e
1182 3120 1194 3163 ΙΙ
1226 3123 1283 3154 40.
1312 3118 1482 3160 Quiuerit
1509 3119 1528 3154 b
1555 3119 1565 3164 [l
1590 3122 1646 3154 41.
1676 3118 1806 3161 Quiuit
1832 3120 1851 3154 b
1876 3120 1887 3165 {fi

131 3179 188 3211 42.
215 3172 469 3212 indicatadd.
497 3178 527 3212 b.
573 3176 755 3212 indicium
781 3179 867 3213 add.
895 3190 910 3212 e
931 3179 1018 3223 1145.
1046 3177 1233 3220 Quiddam
1260 3192 1277 3215 e
1296 3180 1307 3224 ΙΙ
1328 3184 1383 3215 51.
1412 3177 1575 3223 placitus
1601 3179 1653 3213 ab
1673 3181 1683 3224 ΙΙ
