2170 3522
192 953 224 977 11)

154 1164 221 1195 9οΠ

236 185 320 227 262
649 176 860 215 GLOSSAE
887 173 1072 212 CODICIS
1100 168 1461 209 SANGALLENSIS
1487 172 1556 204 912

235 294 466 337 Nicolaum
500 290 683 332 stultum
1126 281 1252 324 Nutu
1283 280 1511 323 uoluntate
2007 277 2068 309 91r

236 366 428 409 Nectum
462 362 661 418 genitura
1126 352 1313 396 Nutatio
1345 352 1435 393 irae
1467 349 1652 392 minatio
2001 353 2036 379 30

237 436 429 480 Nilicula
461 432 690 488 aegyptius
1128 425 1365 480 Nuneupat
1395 437 1557 465 nomen
1586 424 1718 464 uocat

240 508 431 563 Nimplia
459 506 583 560 uirgo
611 502 785 556 celest-is
817 501 886 542 uel
913 499 1092 542 numina
1129 496 1282 551 Nuper
1313 495 1441 537 modo
1476 497 1576 536 ante
1608 496 1781 549 tempus

241 581 396 623 Nitens
429 576 681 619 incumbens
715 577 758 616 et
792 572 1033 628 splenditus
1131 568 1304 611 Nutans
1331 567 1549 610 uaeellans
1572 566 1763 622 pendens
1790 565 1986 608 titubans

240 651 402 703 Nitelle
433 649 598 690 nitores
631 645 758 700 parui
1131 640 1305 682 Numen
1336 642 1532 695 potestas
1565 639 1785 694 magestas

240 722 403 778 Xiquid
434 719 520 762 nisi
553 717 654 773 quid
1133 712 1286 768 Nugas
1319 711 1488 753 inutilis
1521 711 1623 752 uilis
2007 712 2042 739 ³5

242 793 520 849 Nympheum
553 790 739 832 silanum
1134 784 1375 840 Nugacitas
1409 783 1580 825 uanitas
1612 781 1783 824 insania

242 866 433 920 Nisuper
465 863 659 919 proxime
1134 856 1245 899 Nuit
1278 855 1431 897 annuit
1462 853 1667 910 promisit

243 937 437 993 Nimpha
470 937 548 978 dea
581 949 791 990 aquarum
1135 928 1282 970 Nurus
1314 942 1424 969 uxor
1455 926 1536 968 filii

245 1010 384 1053 Nixus
418 1008 669 1051 incumbens
704 1020 859 1048 curuus
1136 999 1378 1042 Nusciosus
1412 999 1487 1054 qui
1518 998 1616 1053 plus
1648 1012 1805 1053 uepere
1837 998 1958 1041 uidet

245 1082 372 1126 Nitet
405 1079 593 1137 splendit
623 1079 740 1120 lucet
1137 1071 1331 1114 Nutibus
1365 1070 1561 1127 gestibus
2013 1075 2048 1100 40

247 1153 591 1197 Nosoehomium
630 1151 775 1192 locum
807 1147 1101 1191 uenerabilem
1138 1143 1356 1198 Numquis
1389 1142 1602 1197 numquid
1635 1141 1794 1196 aliquis

307 1227 354 1267 in
381 1240 464 1281 quo
490 1223 652 1266 infirmi
675 1222 874 1264 homines
895 1222 1102 1263 curantur
1138 1215 1470 1259 Nummolarius
1508 1228 1785 1256 nummorum
1827 1229 1998 1270 praero-

249 1297 528 1340 Nostratium
560 1298 811 1338 nostrorum
1201 1290 1332 1344 gatur

198 1385 231 1409 15
251 1369 461 1412 Nonnulli
495 1366 706 1423 aliquanti
1145 1359 1378 1402 Numisma
1407 1357 1575 1400 nummi
1606 1372 1838 1413 percussor
1862 1359 1907 1402 id
1933 1363 2000 1403 est
2025 1359 2093 1392 91¹1

251 1442 360 1485 Noti
393 1440 513 1483 uenti
1205 1431 1406 1474 denarius

252 1514 429 1557 Nothus
464 1512 636 1568 spurius
670 1512 719 1553 de
747 1510 1010 1553 adulterium
1034 1523 1106 1550 na·
1144 1502 1485 1547 Nundinationis
1519 1501 1798 1545 mercationis

313 1590 383 1628 tus
416 1585 486 1627 uel
518 1584 709 1626 incertus
1146 1576 1352 1619 Nundina
1384 1576 1624 1617 mereatum
2020 1580 2057 1606 45

255 1659 396 1701 Norat
428 1656 592 1699 sciebat
1146 1648 1351 1691 Nuberca
1383 1650 1551 1690 matrea
1581 1646 1625 1688 id
1657 1648 1724 1688 est
1757 1645 1962 1688 matrinia

254 1729 349 1773 Nos
383 1729 519 1771 satius
551 1728 612 1770 nil
638 1727 843 1769 hominus
869 1728 994 1768 tanto
1023 1739 1109 1766 ma-

317 1801 384 1858 gis
1354 1834 1357 1835 ⁷

206 1889 238 1913 20
259 1874 386 1916 Noxa
417 1872 544 1927 culpa-
575 1870 743 1926 peccati
775 1885 848 1912 rea
1151 1864 1364 1908 obediens
1397 1863 1514 1905 dicto
1546 1876 1702 1918 parens

258 1945 491 1989 Nocticula
523 1944 626 1985 luna
1151 1936 1408 1979 Obseeunda
1441 1936 1698 1990 obtempera

260 2018 427 2060 Xoxius
458 2030 618 2058 nocens
1153 2009 1310 2052 Obitus
1344 2022 1461 2050 mors

262 2090 428 2132 Norma
458 2102 659 2130 mensura
690 2086 842 2142 regula
1154 2081 1275 2124 Obiit
1307 2083 1506 2122 mortuus
1539 2081 1605 2120 est
2029 2085 2064 2111 ⁵0

262 2161 429 2204 Noxius
462 2160 779 2216 tergiuersantur
1154 2153 1372 2196 Obeiuitia
1404 2149 1700 2194 circundantia

213 2246 246 2271 25
267 2233 367 2276 Nox
398 2232 597 2288 umada1)
632 2234 869 2286 tempestas
904 2244 1001 2272 cum
1027 2229 1116 2284 plu·
1158 2226 1295 2269 Obelo
1325 2225 1440 2266 linea

323 2305 395 2347 uia
1159 2298 1293 2341 Obice
1325 2296 1485 2352 repelle

265 2377 367 2419 Non
397 2376 593 2432 potatiue
626 2390 713 2417 non
746 2374 924 2416 dubium
1160 2370 1316 2413 Obices
1351 2366 1640 2423 oppositionis

268 2447 611 2491 Nomencolatur
642 2462 799 2489 nomen
833 2445 966 2488 officii
1159 2443 1351 2486 Obuerto
1384 2440 1431 2482 in
1463 2439 1548 2481 alia
1577 2441 1702 2494 parte
1733 2440 1860 2481 uerto
2032 2443 2068 2470 ⁵⁵

269 2519 387 2562 Num
418 2519 629 2574 numquid
1162 2515 1353 2557 Obessus
1385 2511 1563 2568 pinguis
1597 2510 1798 2553 carnibus

367 2702 401 2741 13
427 2709 451 2730 u
471 2708 542 2742 pro
569 2707 589 2730 o
616 2707 705 2731 corr.
734 2708 777 2730 m.
806 2696 857 2738 111

369 2882 400 2912 ⁶2.
427 2877 584 2912 Nic-tura
611 2878 661 2912 ab
705 2878 716 2920 ΙΙ
760 2881 792 2912 3.
821 2874 983 2910 Nilicola
1010 2876 1030 2909 b
1067 2876 1078 2918 ΙΙ
1116 2878 1148 2910 4.
1174 2884 1310 2907 nomen
1336 2882 1433 2917 aque
1460 2870 1511 2904 ab
1548 2870 1560 2913 ΙΙ
1598 2872 1630 2903 5.
1657 2866 1904 2912 exsplendens
1929 2867 1982 2902 ab
2006 2866 2019 2914 Η

279 2943 329 2972 12.
359 2937 528 2982 splendet
555 2938 633 2971 abc
658 2939 669 2980 ΙΙ
697 2941 751 2971 13.
778 2948 842 2971 om.
871 2935 981 2969 abed
1000 2936 1011 2978 {l
1038 2938 1091 2969 19.
1119 2946 1186 2968 om.
1213 2932 1323 2967 abed
1347 2932 1360 2976 ΙΙ
1386 2934 1441 2964 24.
1467 2928 1738 2974 tergiuersator
1764 2927 1815 2963 ab
1834 2929 1846 2973 ΙΙ
1866 2930 1923 2962 25.
1949 2937 2017 2962 om.

276 2999 383 3032 abet]
402 3001 412 3040 [1
434 3001 488 3031 2²6.
515 2995 687 3041 putatiue
714 2997 767 3030 ab
790 2998 794 3039 1
817 3006 889 3029 11011
917 2996 975 3042 esst
1000 2995 1050 3029 ab
1070 2996 1081 3038 Η
1102 2996 1157 3028 27.
1184 3004 1250 3028 om.
1278 2990 1387 3026 abed
1406 2991 1418 3034 ΙΙ
1438 2993 1493 3024 31.
1519 2986 1743 3023 nominatim
1768 2988 1822 3022 ab
1841 2988 1854 3031 ΙΙ
1873 2990 1929 3022 33.
1951 2998 2017 3022 om.

278 3059 384 3092 abed
404 3060 413 3101 ἐξ
435 3062 489 3091 34.
517 3056 695 3090 maiestas
721 3057 799 3091 abc
818 3057 829 3100 ΙΙ
849 3058 904 3090 39.
932 3064 1086 3098 uespere
1113 3054 1164 3088 ab
1185 3055 1272 3097 1142.
1299 3047 1582 3084 Nummularius
1608 3049 1690 3092 abll
1714 3051 1770 3082 43.
1796 3056 2020 3091 percussura

279 3118 323 3151 bc
343 3120 353 3160 Η
373 3121 428 3152 44.
455 3115 754 3150 Nundinationes
781 3113 1029 3149 mercationes
1056 3114 1238 3156 α1131146.
1265 3121 1331 3145 om.
1358 3109 1467 3144 abed
1491 3110 1504 3153 Η
1528 3111 1584 3142 48.
1612 3105 1853 3141 obsecundat
1877 3104 2019 3140 obtem-

279 3178 385 3222 perat
413 3177 521 3211 abed
539 3178 551 3219 ss
571 3181 626 3210 54.
654 3174 909 3221 oppositiones
936 3174 1022 3209 abd
1040 3175 1051 3218 ΙΙ
1072 3177 1126 3208 55.
1154 3171 1192 3206 111
1218 3169 1332 3205 aliam
1357 3170 1504 3215 partem
1530 3169 1580 3204 ab
1600 3168 1611 3212 ΙΙ
1631 3170 1687 3202 56.
1716 3164 1859 3200 Obesus
1884 3166 1968 3209 abu
