<?xml version="1.0" encoding="UTF-8"?>
<!DOCTYPE html PUBLIC "-//W3C//DTD XHTML 1.0 Transitional//EN"
    "http://www.w3.org/TR/xhtml1/DTD/xhtml1-transitional.dtd">
<html xmlns="http://www.w3.org/1999/xhtml" xml:lang="en" lang="en">
 <head>
  <title>
</title>
<meta http-equiv="Content-Type" content="text/html;charset=utf-8" />
  <meta name='ocr-system' content='tesseract 3.04.00' />
  <meta name='ocr-capabilities' content='ocr_page ocr_carea ocr_par ocr_line ocrx_word'/>
</head>
<body>
  <div class='ocr_page' id='page_1' title='image "./corpusglossarior04linduoft/corpusglossarior04linduoft_0185.png"; bbox 0 0 2170 3522; ppageno 0'>
   <div class='ocr_carea' id='block_1_1' title="bbox 49 1639 136 1669">
    <p class='ocr_par' dir='ltr' id='par_1_1' title="bbox 49 1639 136 1669">
     <span class='ocr_line' id='line_1_1' title="bbox 49 1639 136 1669; baseline 0 0"><span class='ocrx_word' id='word_1_1' title='bbox 49 1639 136 1669; x_wconf 74' lang='lat' dir='ltr'>112u</span> 
     </span>
    </p>
   </div>
   <div class='ocr_carea' id='block_1_2' title="bbox 647 154 1922 198">
    <p class='ocr_par' dir='ltr' id='par_1_2' title="bbox 647 154 1922 198">
     <span class='ocr_line' id='line_1_2' title="bbox 647 154 1922 198; baseline 0.006 -8"><span class='ocrx_word' id='word_1_2' title='bbox 647 154 860 190; x_wconf 78' lang='lat' dir='ltr'>GLOSSAE</span> <span class='ocrx_word' id='word_1_3' title='bbox 889 154 1073 191; x_wconf 82' lang='lat' dir='ltr'>CODICIS</span> <span class='ocrx_word' id='word_1_4' title='bbox 1100 155 1334 191; x_wconf 87' lang='lat' dir='ltr'><strong>VATICANI</strong></span> <span class='ocrx_word' id='word_1_5' title='bbox 1360 160 1451 191; x_wconf 75' lang='lat'><strong>3321</strong></span> <span class='ocrx_word' id='word_1_6' title='bbox 1840 157 1922 198; x_wconf 78' lang='lat'>135</span> 
     </span>
    </p>
   </div>
   <div class='ocr_carea' id='block_1_3' title="bbox 165 262 1026 1399">
    <p class='ocr_par' dir='ltr' id='par_1_3' title="bbox 172 262 794 321">
     <span class='ocr_line' id='line_1_3' title="bbox 172 262 794 321; baseline 0.002 -15"><span class='ocrx_word' id='word_1_7' title='bbox 172 262 369 321; x_wconf 72' lang='lat' dir='ltr'>[Ostea¹)</span> <span class='ocrx_word' id='word_1_8' title='bbox 401 264 608 306; x_wconf 87' lang='lat' dir='ltr'>introitus</span> <span class='ocrx_word' id='word_1_9' title='bbox 641 268 794 320; x_wconf 85' lang='lat' dir='ltr'>portae</span> 
     </span>
    </p>

    <p class='ocr_par' dir='ltr' id='par_1_4' title="bbox 170 335 548 378">
     <span class='ocr_line' id='line_1_4' title="bbox 170 335 548 378; baseline -0.003 0"><span class='ocrx_word' id='word_1_10' title='bbox 170 335 330 378; x_wconf 89' lang='lat' dir='ltr'>Osores</span> <span class='ocrx_word' id='word_1_11' title='bbox 365 336 548 378; x_wconf 80' lang='lat' dir='ltr'>odibiles</span> 
     </span>
    </p>

    <p class='ocr_par' dir='ltr' id='par_1_5' title="bbox 170 407 1026 535">
     <span class='ocr_line' id='line_1_5' title="bbox 170 407 1026 450; baseline 0 0"><span class='ocrx_word' id='word_1_12' title='bbox 170 408 328 450; x_wconf 86' lang='lat' dir='ltr'>Osores</span> <span class='ocrx_word' id='word_1_13' title='bbox 361 407 522 450; x_wconf 87' lang='lat' dir='ltr'>sicores</span> <span class='ocrx_word' id='word_1_14' title='bbox 556 408 609 449; x_wconf 84' lang='lat' dir='ltr'>ab</span> <span class='ocrx_word' id='word_1_15' title='bbox 644 408 734 450; x_wconf 92' lang='lat' dir='ltr'>otio</span> <span class='ocrx_word' id='word_1_16' title='bbox 769 409 882 450; x_wconf 89' lang='lat' dir='ltr'>sicut</span> <span class='ocrx_word' id='word_1_17' title='bbox 909 424 1026 450; x_wconf 83' lang='lat' dir='ltr'>ama-</span> 
     </span>
     <span class='ocr_line' id='line_1_6' title="bbox 228 478 907 535; baseline 0.001 -15"><span class='ocrx_word' id='word_1_18' title='bbox 228 482 346 521; x_wconf 87' lang='lat' dir='ltr'>tores</span> <span class='ocrx_word' id='word_1_19' title='bbox 379 480 433 520; x_wconf 87' lang='lat' dir='ltr'>ab</span> <span class='ocrx_word' id='word_1_20' title='bbox 468 478 660 535; x_wconf 71' lang='lat' dir='ltr'>amore2)</span> <span class='ocrx_word' id='word_1_21' title='bbox 693 483 907 522; x_wconf 84' lang='lat' dir='ltr'>uocantur</span> 
     </span>
    </p>

    <p class='ocr_par' dir='ltr' id='par_1_6' title="bbox 168 550 1025 1037">
     <span class='ocr_line' id='line_1_7' title="bbox 168 550 1025 606; baseline 0.002 -14"><span class='ocrx_word' id='word_1_22' title='bbox 168 550 351 593; x_wconf 85' lang='lat' dir='ltr'>Ostenta</span> <span class='ocrx_word' id='word_1_23' title='bbox 394 551 568 606; x_wconf 71' lang='lat' dir='ltr'>proprie</span> <span class='ocrx_word' id='word_1_24' title='bbox 615 554 829 593; x_wconf 86' lang='lat' dir='ltr'>uocantur</span> <span class='ocrx_word' id='word_1_25' title='bbox 869 552 942 606; x_wconf 87' lang='lat' dir='ltr'>qui</span> <span class='ocrx_word' id='word_1_26' title='bbox 982 568 1025 594; x_wconf 86' lang='lat' dir='ltr'>se</span> 
     </span>
     <span class='ocr_line' id='line_1_8' title="bbox 227 623 1025 678; baseline 0.001 -14"><span class='ocrx_word' id='word_1_27' title='bbox 227 623 318 664; x_wconf 88' lang='lat' dir='ltr'>sine</span> <span class='ocrx_word' id='word_1_28' title='bbox 357 624 612 678; x_wconf 81' lang='lat' dir='ltr'>corporibus</span> <span class='ocrx_word' id='word_1_29' title='bbox 653 623 802 666; x_wconf 87' lang='lat' dir='ltr'>solidis</span> <span class='ocrx_word' id='word_1_30' title='bbox 841 623 1025 665; x_wconf 87' lang='lat' dir='ltr'>homini-</span> 
     </span>
     <span class='ocr_line' id='line_1_9' title="bbox 225 695 1024 750; baseline 0.001 -14"><span class='ocrx_word' id='word_1_31' title='bbox 225 695 307 737; x_wconf 91' lang='lat' dir='ltr'>bus</span> <span class='ocrx_word' id='word_1_32' title='bbox 355 695 591 736; x_wconf 88' lang='lat' dir='ltr'>ostendunt</span> <span class='ocrx_word' id='word_1_33' title='bbox 629 698 672 736; x_wconf 91' lang='lat' dir='ltr'>et</span> <span class='ocrx_word' id='word_1_34' title='bbox 712 695 847 737; x_wconf 89' lang='lat' dir='ltr'>oculis</span> <span class='ocrx_word' id='word_1_35' title='bbox 887 696 1024 750; x_wconf 88' lang='lat' dir='ltr'>adque</span> 
     </span>
     <span class='ocr_line' id='line_1_10' title="bbox 226 766 1024 822; baseline 0 -14"><span class='ocrx_word' id='word_1_36' title='bbox 226 767 403 808; x_wconf 85' lang='lat' dir='ltr'>auribus</span> <span class='ocrx_word' id='word_1_37' title='bbox 437 766 686 808; x_wconf 90' lang='lat' dir='ltr'>obiciuntur</span> <span class='ocrx_word' id='word_1_38' title='bbox 719 767 865 822; x_wconf 85' lang='lat' dir='ltr'>qualia</span> <span class='ocrx_word' id='word_1_39' title='bbox 893 782 1024 822; x_wconf 86' lang='lat' dir='ltr'>quon-</span> 
     </span>
     <span class='ocr_line' id='line_1_11' title="bbox 225 839 1022 894; baseline 0.001 -14"><span class='ocrx_word' id='word_1_40' title='bbox 225 839 324 880; x_wconf 98' lang='lat' dir='ltr'>dam</span> <span class='ocrx_word' id='word_1_41' title='bbox 340 841 635 894; x_wconf 82' lang='lat' dir='ltr'>apparuerunt</span> <span class='ocrx_word' id='word_1_42' title='bbox 652 839 828 881; x_wconf 87' lang='lat' dir='ltr'>benatio</span> <span class='ocrx_word' id='word_1_43' title='bbox 843 839 888 880; x_wconf 92' lang='lat' dir='ltr'>in</span> <span class='ocrx_word' id='word_1_44' title='bbox 904 840 1022 881; x_wconf 84' lang='lat' dir='ltr'>caelo</span> 
     </span>
     <span class='ocr_line' id='line_1_12' title="bbox 226 911 1022 953; baseline 0.001 -1"><span class='ocrx_word' id='word_1_45' title='bbox 226 926 347 952; x_wconf 86' lang='lat' dir='ltr'>arma</span> <span class='ocrx_word' id='word_1_46' title='bbox 377 911 516 953; x_wconf 84' lang='lat' dir='ltr'>furiae</span> <span class='ocrx_word' id='word_1_47' title='bbox 548 914 703 953; x_wconf 86' lang='lat' dir='ltr'>noctae</span> <span class='ocrx_word' id='word_1_48' title='bbox 733 911 807 952; x_wconf 79' lang='lat' dir='ltr'>lux</span> <span class='ocrx_word' id='word_1_49' title='bbox 833 911 1022 953; x_wconf 72' lang='lat' dir='ltr'>interdiu</span> 
     </span>
     <span class='ocr_line' id='line_1_13' title="bbox 225 984 419 1037; baseline 0 -13"><span class='ocrx_word' id='word_1_50' title='bbox 225 984 419 1037; x_wconf 69' lang='lat' dir='ltr'>tenebre]</span> 
     </span>
    </p>

    <p class='ocr_par' dir='ltr' id='par_1_7' title="bbox 283 1054 542 1098">
     <span class='ocr_line' id='line_1_14' title="bbox 283 1054 542 1098; baseline 0.008 -2"><span class='ocrx_word' id='word_1_51' title='bbox 283 1054 348 1097; x_wconf 89' lang='lat' dir='ltr'>De</span> <span class='ocrx_word' id='word_1_52' title='bbox 382 1070 405 1097; x_wconf 94' lang='lat' dir='ltr'>o</span> <span class='ocrx_word' id='word_1_53' title='bbox 440 1058 484 1097; x_wconf 90' lang='lat' dir='ltr'>et</span> <span class='ocrx_word' id='word_1_54' title='bbox 515 1072 542 1098; x_wconf 93' lang='lat' dir='ltr'>u</span> 
     </span>
    </p>

    <p class='ocr_par' dir='ltr' id='par_1_8' title="bbox 165 1127 872 1183">
     <span class='ocr_line' id='line_1_15' title="bbox 165 1127 872 1183; baseline 0.001 -14"><span class='ocrx_word' id='word_1_55' title='bbox 165 1127 310 1169; x_wconf 84' lang='lat' dir='ltr'>Ouans</span> <span class='ocrx_word' id='word_1_56' title='bbox 344 1127 544 1169; x_wconf 77' lang='lat' dir='ltr'>exultans</span> <span class='ocrx_word' id='word_1_57' title='bbox 576 1128 645 1170; x_wconf 88' lang='lat' dir='ltr'>uel</span> <span class='ocrx_word' id='word_1_58' title='bbox 679 1128 872 1183; x_wconf 83' lang='lat' dir='ltr'>gaudens</span> 
     </span>
    </p>

    <p class='ocr_par' dir='ltr' id='par_1_9' title="bbox 165 1199 1021 1313">
     <span class='ocr_line' id='line_1_16' title="bbox 165 1199 1021 1254; baseline 0.001 -13"><span class='ocrx_word' id='word_1_59' title='bbox 165 1199 398 1241; x_wconf 86' lang='lat' dir='ltr'>Ouasiolus</span> <span class='ocrx_word' id='word_1_60' title='bbox 443 1214 550 1254; x_wconf 82' lang='lat' dir='ltr'>puer</span> <span class='ocrx_word' id='word_1_61' title='bbox 594 1200 763 1241; x_wconf 86' lang='lat' dir='ltr'>lenonis</span> <span class='ocrx_word' id='word_1_62' title='bbox 811 1200 873 1242; x_wconf 88' lang='lat' dir='ltr'>sic</span> <span class='ocrx_word' id='word_1_63' title='bbox 922 1200 1021 1242; x_wconf 86' lang='lat' dir='ltr'>dici-</span> 
     </span>
     <span class='ocr_line' id='line_1_17' title="bbox 224 1274 297 1313; baseline 0 -1"><span class='ocrx_word' id='word_1_64' title='bbox 224 1274 297 1313; x_wconf 90' lang='lat' dir='ltr'>tur</span> 
     </span>
    </p>

    <p class='ocr_par' dir='ltr' id='par_1_10' title="bbox 165 1343 629 1399">
     <span class='ocr_line' id='line_1_18' title="bbox 165 1343 629 1399; baseline 0 -14"><span class='ocrx_word' id='word_1_65' title='bbox 165 1343 358 1385; x_wconf 87' lang='lat' dir='ltr'>Ouantes</span> <span class='ocrx_word' id='word_1_66' title='bbox 392 1344 629 1399; x_wconf 71' lang='lat' dir='ltr'>gaudentes</span> 
     </span>
    </p>
   </div>
   <div class='ocr_carea' id='block_1_4' title="bbox 161 1560 1021 2036">
    <p class='ocr_par' dir='ltr' id='par_1_11' title="bbox 161 1560 1021 2036">
     <span class='ocr_line' id='line_1_19' title="bbox 280 1560 557 1614; baseline 0 -13"><span class='ocrx_word' id='word_1_67' title='bbox 280 1560 364 1602; x_wconf 89' lang='lat' dir='ltr'>Per</span> <span class='ocrx_word' id='word_1_68' title='bbox 396 1576 422 1614; x_wconf 85' lang='lat' dir='ltr'>p</span> <span class='ocrx_word' id='word_1_69' title='bbox 457 1563 499 1601; x_wconf 89' lang='lat' dir='ltr'>et</span> <span class='ocrx_word' id='word_1_70' title='bbox 532 1576 557 1601; x_wconf 85' lang='lat' dir='ltr'>a</span> 
     </span>
     <span class='ocr_line' id='line_1_20' title="bbox 161 1632 1021 1687; baseline 0 -13"><span class='ocrx_word' id='word_1_71' title='bbox 161 1632 405 1674; x_wconf 80' lang='lat' dir='ltr'>Pabulator</span> <span class='ocrx_word' id='word_1_72' title='bbox 442 1634 593 1687; x_wconf 84' lang='lat' dir='ltr'>pastor</span> <span class='ocrx_word' id='word_1_73' title='bbox 631 1632 703 1687; x_wconf 84' lang='lat' dir='ltr'>qui</span> <span class='ocrx_word' id='word_1_74' title='bbox 738 1634 918 1687; x_wconf 85' lang='lat' dir='ltr'>praebet</span> <span class='ocrx_word' id='word_1_75' title='bbox 951 1648 1021 1687; x_wconf 81' lang='lat' dir='ltr'>pa-</span> 
     </span>
     <span class='ocr_line' id='line_1_21' title="bbox 220 1704 323 1746; baseline 0.019 -2"><span class='ocrx_word' id='word_1_76' title='bbox 220 1704 323 1746; x_wconf 84' lang='lat' dir='ltr'>bula</span> 
     </span>
     <span class='ocr_line' id='line_1_22' title="bbox 161 1776 732 1832; baseline -0.002 -14"><span class='ocrx_word' id='word_1_77' title='bbox 161 1776 373 1819; x_wconf 88' lang='lat' dir='ltr'>Pacificus</span> <span class='ocrx_word' id='word_1_78' title='bbox 406 1779 560 1832; x_wconf 84' lang='lat' dir='ltr'>pactus</span> <span class='ocrx_word' id='word_1_79' title='bbox 589 1776 732 1818; x_wconf 83' lang='lat' dir='ltr'>factus</span> 
     </span>
     <span class='ocr_line' id='line_1_23' title="bbox 161 1849 716 1904; baseline -0.002 -13"><span class='ocrx_word' id='word_1_80' title='bbox 161 1849 348 1891; x_wconf 83' lang='lat' dir='ltr'>Pacatus</span> <span class='ocrx_word' id='word_1_81' title='bbox 380 1864 532 1904; x_wconf 84' lang='lat' dir='ltr'>pacem</span> <span class='ocrx_word' id='word_1_82' title='bbox 565 1851 716 1890; x_wconf 84' lang='lat' dir='ltr'>tenens</span> 
     </span>
     <span class='ocr_line' id='line_1_24' title="bbox 161 1921 1018 1976; baseline 0 -13"><span class='ocrx_word' id='word_1_83' title='bbox 161 1922 319 1964; x_wconf 83' lang='lat' dir='ltr'>Pacem</span> <span class='ocrx_word' id='word_1_84' title='bbox 352 1921 461 1963; x_wconf 85' lang='lat' dir='ltr'>scire</span> <span class='ocrx_word' id='word_1_85' title='bbox 497 1921 687 1976; x_wconf 81' lang='lat' dir='ltr'>gratiam</span> <span class='ocrx_word' id='word_1_86' title='bbox 721 1921 1018 1976; x_wconf 77' lang='lat' dir='ltr'>redintegrare</span> 
     </span>
     <span class='ocr_line' id='line_1_25' title="bbox 161 1993 641 2036; baseline -0.004 0"><span class='ocrx_word' id='word_1_87' title='bbox 161 1993 345 2036; x_wconf 84' lang='lat' dir='ltr'>Pactum</span> <span class='ocrx_word' id='word_1_88' title='bbox 378 1995 641 2035; x_wconf 87' lang='lat' dir='ltr'>conuentum</span> 
     </span>
    </p>
   </div>
   <div class='ocr_carea' id='block_1_5' title="bbox 1064 266 1977 466">
    <p class='ocr_par' dir='ltr' id='par_1_12' title="bbox 1064 266 1977 466">
     <span class='ocr_line' id='line_1_26' title="bbox 1065 266 1977 321; baseline 0.002 -14"><span class='ocrx_word' id='word_1_89' title='bbox 1065 266 1316 308; x_wconf 82' lang='lat' dir='ltr'>Pactorium</span> <span class='ocrx_word' id='word_1_90' title='bbox 1348 266 1665 321; x_wconf 83' lang='lat' dir='ltr'>plantatorium</span> <span class='ocrx_word' id='word_1_91' title='bbox 1947 280 1977 304; x_wconf 73' lang='lat'>1⁵</span> 
     </span>
     <span class='ocr_line' id='line_1_27' title="bbox 1066 337 1654 394; baseline 0.003 -16"><span class='ocrx_word' id='word_1_92' title='bbox 1066 337 1210 393; x_wconf 81' lang='lat' dir='ltr'>Pagus</span> <span class='ocrx_word' id='word_1_93' title='bbox 1244 338 1479 394; x_wconf 80' lang='lat' dir='ltr'>collegium</span> <span class='ocrx_word' id='word_1_94' title='bbox 1512 338 1654 380; x_wconf 87' lang='lat' dir='ltr'>curiae</span> 
     </span>
     <span class='ocr_line' id='line_1_28' title="bbox 1064 409 1893 466; baseline 0.002 -16"><span class='ocrx_word' id='word_1_95' title='bbox 1064 409 1267 465; x_wconf 84' lang='lat' dir='ltr'>Paganus</span> <span class='ocrx_word' id='word_1_96' title='bbox 1301 411 1408 452; x_wconf 84' lang='lat' dir='ltr'>abeo</span> <span class='ocrx_word' id='word_1_97' title='bbox 1443 411 1557 465; x_wconf 88' lang='lat' dir='ltr'>quod</span> <span class='ocrx_word' id='word_1_98' title='bbox 1589 424 1751 466; x_wconf 80' lang='lat' dir='ltr'>pagum</span> <span class='ocrx_word' id='word_1_99' title='bbox 1779 411 1893 452; x_wconf 84' lang='lat' dir='ltr'>colat</span> 
     </span>
    </p>
   </div>
   <div class='ocr_carea' id='block_1_6' title="bbox 1053 480 1637 536">
    <p class='ocr_par' dir='ltr' id='par_1_13' title="bbox 1053 480 1637 536">
     <span class='ocr_line' id='line_1_29' title="bbox 1053 480 1637 536; baseline 0.005 -16"><span class='ocrx_word' id='word_1_100' title='bbox 1053 480 1325 536; x_wconf 81' lang='lat' dir='ltr'>Paganicius</span> <span class='ocrx_word' id='word_1_101' title='bbox 1358 484 1408 523; x_wconf 91' lang='lat' dir='ltr'>ut</span> <span class='ocrx_word' id='word_1_102' title='bbox 1441 482 1637 524; x_wconf 85' lang='lat' dir='ltr'>occultus</span> 
     </span>
    </p>
   </div>
   <div class='ocr_carea' id='block_1_7' title="bbox 1056 551 1974 2049">
    <p class='ocr_par' dir='ltr' id='par_1_14' title="bbox 1064 551 1919 680">
     <span class='ocr_line' id='line_1_30' title="bbox 1064 551 1919 610; baseline 0.004 -17"><span class='ocrx_word' id='word_1_103' title='bbox 1064 551 1225 608; x_wconf 85' lang='lat' dir='ltr'>Pangit</span> <span class='ocrx_word' id='word_1_104' title='bbox 1270 553 1417 607; x_wconf 86' lang='lat' dir='ltr'>palum</span> <span class='ocrx_word' id='word_1_105' title='bbox 1457 554 1555 610; x_wconf 85' lang='lat' dir='ltr'>figit</span> <span class='ocrx_word' id='word_1_106' title='bbox 1594 557 1669 595; x_wconf 87' lang='lat' dir='ltr'>aut</span> <span class='ocrx_word' id='word_1_107' title='bbox 1709 554 1919 596; x_wconf 83' lang='lat' dir='ltr'>citharam</span> 
     </span>
     <span class='ocr_line' id='line_1_31' title="bbox 1124 624 1269 680; baseline 0 -15"><span class='ocrx_word' id='word_1_108' title='bbox 1124 624 1269 680; x_wconf 82' lang='lat' dir='ltr'>tangit</span> 
     </span>
    </p>

    <p class='ocr_par' dir='ltr' id='par_1_15' title="bbox 1063 695 1974 810">
     <span class='ocr_line' id='line_1_32' title="bbox 1063 695 1974 753; baseline 0.004 -17"><span class='ocrx_word' id='word_1_109' title='bbox 1063 695 1261 737; x_wconf 85' lang='lat' dir='ltr'>Palestra</span> <span class='ocrx_word' id='word_1_110' title='bbox 1309 696 1500 739; x_wconf 83' lang='lat' dir='ltr'>luctator</span> <span class='ocrx_word' id='word_1_111' title='bbox 1549 698 1617 739; x_wconf 91' lang='lat' dir='ltr'>uel</span> <span class='ocrx_word' id='word_1_112' title='bbox 1666 698 1741 739; x_wconf 89' lang='lat' dir='ltr'>ubi</span> <span class='ocrx_word' id='word_1_113' title='bbox 1787 698 1918 753; x_wconf 70' lang='lat' dir='ltr'>atlete</span> <span class='ocrx_word' id='word_1_114' title='bbox 1942 712 1974 734; x_wconf 71' lang='lat'>:0</span> 
     </span>
     <span class='ocr_line' id='line_1_33' title="bbox 1123 771 1325 810; baseline 0 -1"><span class='ocrx_word' id='word_1_115' title='bbox 1123 771 1325 810; x_wconf 80' lang='lat' dir='ltr'>exercent</span> 
     </span>
    </p>

    <p class='ocr_par' dir='ltr' id='par_1_16' title="bbox 1062 839 1919 954">
     <span class='ocr_line' id='line_1_34' title="bbox 1062 839 1919 896; baseline 0.002 -16"><span class='ocrx_word' id='word_1_116' title='bbox 1062 839 1198 894; x_wconf 89' lang='lat' dir='ltr'>Palpo</span> <span class='ocrx_word' id='word_1_117' title='bbox 1231 840 1372 895; x_wconf 85' lang='lat' dir='ltr'>pobeo</span> <span class='ocrx_word' id='word_1_118' title='bbox 1406 843 1481 882; x_wconf 79' lang='lat' dir='ltr'>aut</span> <span class='ocrx_word' id='word_1_119' title='bbox 1513 841 1697 883; x_wconf 86' lang='lat' dir='ltr'>blandeo</span> <span class='ocrx_word' id='word_1_120' title='bbox 1726 845 1801 883; x_wconf 89' lang='lat' dir='ltr'>aut</span> <span class='ocrx_word' id='word_1_121' title='bbox 1827 857 1919 896; x_wconf 90' lang='lat' dir='ltr'>per-</span> 
     </span>
     <span class='ocr_line' id='line_1_35' title="bbox 1121 914 1263 954; baseline 0.007 -1"><span class='ocrx_word' id='word_1_122' title='bbox 1121 914 1263 954; x_wconf 83' lang='lat' dir='ltr'>tracto</span> 
     </span>
    </p>

    <p class='ocr_par' dir='ltr' id='par_1_17' title="bbox 1059 982 1918 1097">
     <span class='ocr_line' id='line_1_36' title="bbox 1059 982 1918 1038; baseline 0.003 -14"><span class='ocrx_word' id='word_1_123' title='bbox 1059 982 1218 1038; x_wconf 81' lang='lat' dir='ltr'>Palpat</span> <span class='ocrx_word' id='word_1_124' title='bbox 1250 983 1473 1026; x_wconf 73' lang='lat' dir='ltr'>blanditur</span> <span class='ocrx_word' id='word_1_125' title='bbox 1506 985 1649 1026; x_wconf 83' lang='lat' dir='ltr'>anima</span> <span class='ocrx_word' id='word_1_126' title='bbox 1680 1000 1794 1027; x_wconf 88' lang='lat' dir='ltr'>nunc</span> <span class='ocrx_word' id='word_1_127' title='bbox 1822 1001 1918 1027; x_wconf 88' lang='lat' dir='ltr'>con-</span> 
     </span>
     <span class='ocr_line' id='line_1_37' title="bbox 1120 1058 1314 1097; baseline 0 0"><span class='ocrx_word' id='word_1_128' title='bbox 1120 1058 1314 1097; x_wconf 83' lang='lat' dir='ltr'>tractant</span> 
     </span>
    </p>

    <p class='ocr_par' dir='ltr' id='par_1_18' title="bbox 1062 1127 1760 1184">
     <span class='ocr_line' id='line_1_38' title="bbox 1062 1127 1760 1184; baseline 0.004 -16"><span class='ocrx_word' id='word_1_129' title='bbox 1062 1127 1279 1169; x_wconf 82' lang='lat' dir='ltr'>Palliurus</span> <span class='ocrx_word' id='word_1_130' title='bbox 1313 1142 1448 1184; x_wconf 86' lang='lat' dir='ltr'>genus</span> <span class='ocrx_word' id='word_1_131' title='bbox 1481 1128 1659 1171; x_wconf 84' lang='lat' dir='ltr'>frutecti</span> <span class='ocrx_word' id='word_1_132' title='bbox 1693 1133 1760 1171; x_wconf 85' lang='lat' dir='ltr'>est</span> 
     </span>
    </p>

    <p class='ocr_par' dir='ltr' id='par_1_19' title="bbox 1060 1199 1529 1242">
     <span class='ocr_line' id='line_1_39' title="bbox 1060 1199 1529 1242; baseline 0.004 -2"><span class='ocrx_word' id='word_1_133' title='bbox 1060 1199 1303 1241; x_wconf 87' lang='lat' dir='ltr'>Palabundi</span> <span class='ocrx_word' id='word_1_134' title='bbox 1336 1203 1529 1242; x_wconf 82' lang='lat' dir='ltr'>errantes</span> 
     </span>
    </p>

    <p class='ocr_par' dir='ltr' id='par_1_20' title="bbox 1058 1272 1971 1399">
     <span class='ocr_line' id='line_1_40' title="bbox 1058 1272 1971 1327; baseline 0.001 -14"><span class='ocrx_word' id='word_1_135' title='bbox 1058 1272 1263 1313; x_wconf 85' lang='lat' dir='ltr'>Palantes</span> <span class='ocrx_word' id='word_1_136' title='bbox 1316 1272 1456 1327; x_wconf 85' lang='lat' dir='ltr'>sparsi</span> <span class='ocrx_word' id='word_1_137' title='bbox 1507 1288 1584 1327; x_wconf 87' lang='lat' dir='ltr'>per</span> <span class='ocrx_word' id='word_1_138' title='bbox 1635 1273 1807 1314; x_wconf 78' lang='lat' dir='ltr'>diuersa</span> <span class='ocrx_word' id='word_1_139' title='bbox 1856 1274 1917 1314; x_wconf 86' lang='lat' dir='ltr'>fu-</span> <span class='ocrx_word' id='word_1_140' title='bbox 1939 1287 1971 1310; x_wconf 57' lang='grc' dir='ltr'>εἰ)</span> 
     </span>
     <span class='ocr_line' id='line_1_41' title="bbox 1119 1344 1286 1399; baseline 0 -14"><span class='ocrx_word' id='word_1_141' title='bbox 1119 1344 1286 1399; x_wconf 89' lang='lat' dir='ltr'>gientes</span> 
     </span>
    </p>

    <p class='ocr_par' dir='ltr' id='par_1_21' title="bbox 1057 1416 1534 1472">
     <span class='ocr_line' id='line_1_42' title="bbox 1057 1416 1534 1472; baseline 0 -14"><span class='ocrx_word' id='word_1_142' title='bbox 1057 1416 1263 1458; x_wconf 84' lang='lat' dir='ltr'>Palantes</span> <span class='ocrx_word' id='word_1_143' title='bbox 1296 1417 1534 1472; x_wconf 83' lang='lat' dir='ltr'>gaudentes</span> 
     </span>
    </p>

    <p class='ocr_par' dir='ltr' id='par_1_22' title="bbox 1059 1489 1916 1531">
     <span class='ocr_line' id='line_1_43' title="bbox 1059 1489 1916 1531; baseline 0.002 -2"><span class='ocrx_word' id='word_1_144' title='bbox 1059 1489 1285 1530; x_wconf 80' lang='lat' dir='ltr'>Palmatus</span> <span class='ocrx_word' id='word_1_145' title='bbox 1323 1489 1544 1531; x_wconf 85' lang='lat' dir='ltr'>laureatus</span> <span class='ocrx_word' id='word_1_146' title='bbox 1580 1490 1650 1531; x_wconf 91' lang='lat' dir='ltr'>uel</span> <span class='ocrx_word' id='word_1_147' title='bbox 1684 1492 1916 1531; x_wconf 80' lang='lat' dir='ltr'>coronatus</span> 
     </span>
    </p>

    <p class='ocr_par' dir='ltr' id='par_1_23' title="bbox 1058 1561 1763 1603">
     <span class='ocr_line' id='line_1_44' title="bbox 1058 1561 1763 1603; baseline 0.001 -1"><span class='ocrx_word' id='word_1_148' title='bbox 1058 1561 1231 1602; x_wconf 81' lang='lat' dir='ltr'>Palmas</span> <span class='ocrx_word' id='word_1_149' title='bbox 1265 1576 1418 1603; x_wconf 88' lang='lat' dir='ltr'>manus</span> <span class='ocrx_word' id='word_1_150' title='bbox 1450 1562 1520 1603; x_wconf 92' lang='lat' dir='ltr'>uel</span> <span class='ocrx_word' id='word_1_151' title='bbox 1553 1562 1763 1603; x_wconf 82' lang='lat' dir='ltr'>uictorias</span> 
     </span>
    </p>

    <p class='ocr_par' dir='ltr' id='par_1_24' title="bbox 1058 1633 1825 1690">
     <span class='ocr_line' id='line_1_45' title="bbox 1058 1633 1825 1690; baseline 0.001 -16"><span class='ocrx_word' id='word_1_152' title='bbox 1058 1633 1259 1674; x_wconf 82' lang='lat' dir='ltr'>Palteum</span> <span class='ocrx_word' id='word_1_153' title='bbox 1293 1649 1464 1675; x_wconf 89' lang='lat' dir='ltr'>murum</span> <span class='ocrx_word' id='word_1_154' title='bbox 1496 1634 1565 1675; x_wconf 88' lang='lat' dir='ltr'>uel</span> <span class='ocrx_word' id='word_1_155' title='bbox 1598 1633 1825 1690; x_wconf 78' lang='lat' dir='ltr'>fastigium</span> 
     </span>
    </p>

    <p class='ocr_par' dir='ltr' id='par_1_25' title="bbox 1060 1704 1969 1761">
     <span class='ocr_line' id='line_1_46' title="bbox 1060 1704 1969 1761; baseline 0.002 -15"><span class='ocrx_word' id='word_1_156' title='bbox 1060 1704 1352 1758; x_wconf 84' lang='lat' dir='ltr'>[Parsimonia</span> <span class='ocrx_word' id='word_1_157' title='bbox 1384 1706 1525 1761; x_wconf 81' lang='lat' dir='ltr'>pietas</span> <span class='ocrx_word' id='word_1_158' title='bbox 1558 1706 1728 1748; x_wconf 83' lang='lat' dir='ltr'>modica</span> <span class='ocrx_word' id='word_1_159' title='bbox 1935 1718 1969 1742; x_wconf 71' lang='lat'>30</span> 
     </span>
    </p>

    <p class='ocr_par' dir='ltr' id='par_1_26' title="bbox 1058 1777 1431 1833">
     <span class='ocr_line' id='line_1_47' title="bbox 1058 1777 1431 1833; baseline 0 -14"><span class='ocrx_word' id='word_1_160' title='bbox 1058 1777 1248 1819; x_wconf 85' lang='lat' dir='ltr'>Pansum</span> <span class='ocrx_word' id='word_1_161' title='bbox 1281 1780 1431 1833; x_wconf 88' lang='lat' dir='ltr'>aptum</span> 
     </span>
    </p>

    <p class='ocr_par' dir='ltr' id='par_1_27' title="bbox 1058 1849 1598 1892">
     <span class='ocr_line' id='line_1_48' title="bbox 1058 1849 1598 1892; baseline 0.002 -1"><span class='ocrx_word' id='word_1_162' title='bbox 1058 1849 1335 1891; x_wconf 79' lang='lat' dir='ltr'>Pauitantein</span> <span class='ocrx_word' id='word_1_163' title='bbox 1370 1850 1598 1892; x_wconf 87' lang='lat' dir='ltr'>timentem</span> 
     </span>
    </p>

    <p class='ocr_par' dir='ltr' id='par_1_28' title="bbox 1058 1922 1478 1977">
     <span class='ocr_line' id='line_1_49' title="bbox 1058 1922 1478 1977; baseline 0 -14"><span class='ocrx_word' id='word_1_164' title='bbox 1058 1922 1188 1963; x_wconf 84' lang='lat' dir='ltr'>Paret</span> <span class='ocrx_word' id='word_1_165' title='bbox 1221 1923 1478 1977; x_wconf 85' lang='lat' dir='ltr'>obsequitur</span> 
     </span>
    </p>

    <p class='ocr_par' dir='ltr' id='par_1_29' title="bbox 1056 1994 1424 2049">
     <span class='ocr_line' id='line_1_50' title="bbox 1056 1994 1424 2049; baseline 0.003 -14"><span class='ocrx_word' id='word_1_166' title='bbox 1056 1994 1219 2035; x_wconf 86' lang='lat' dir='ltr'>Paulus</span> <span class='ocrx_word' id='word_1_167' title='bbox 1253 1994 1424 2049; x_wconf 85' lang='lat' dir='ltr'>requies</span> 
     </span>
    </p>
   </div>
   <div class='ocr_carea' id='block_1_8' title="bbox 258 2158 1362 2205">
    <p class='ocr_par' dir='ltr' id='par_1_30' title="bbox 258 2158 1362 2205">
     <span class='ocr_line' id='line_1_51' title="bbox 258 2158 1362 2205; baseline 0.002 -12"><span class='ocrx_word' id='word_1_168' title='bbox 258 2162 291 2198; x_wconf 57' lang='lat'>1)</span> <span class='ocrx_word' id='word_1_169' title='bbox 320 2160 427 2195; x_wconf 83' lang='lat' dir='ltr'>Ostia</span> <span class='ocrx_word' id='word_1_170' title='bbox 453 2171 542 2196; x_wconf 67' lang='lat' dir='ltr'>corr.</span> <span class='ocrx_word' id='word_1_171' title='bbox 570 2173 614 2196; x_wconf 79' lang='lat' dir='ltr'>m.</span> <span class='ocrx_word' id='word_1_172' title='bbox 641 2158 730 2196; x_wconf 63' lang='lat' dir='ltr'>safec.</span> <span class='ocrx_word' id='word_1_173' title='bbox 760 2160 841 2194; x_wconf 87' lang='lat' dir='ltr'>XV</span> <span class='ocrx_word' id='word_1_174' title='bbox 858 2162 868 2205; x_wconf 94' lang='grc' dir='ltr'>ΙΙ</span> <span class='ocrx_word' id='word_1_175' title='bbox 889 2162 923 2203; x_wconf 73' lang='grc'>2)</span> <span class='ocrx_word' id='word_1_176' title='bbox 951 2172 972 2194; x_wconf 92' lang='lat' dir='ltr'>o</span> <span class='ocrx_word' id='word_1_177' title='bbox 999 2172 1043 2195; x_wconf 56' lang='lat' dir='ltr'>ea:</span> <span class='ocrx_word' id='word_1_178' title='bbox 1071 2174 1088 2194; x_wconf 76' lang='lat' dir='ltr'>c</span> <span class='ocrx_word' id='word_1_179' title='bbox 1115 2172 1205 2196; x_wconf 70' lang='lat' dir='ltr'>corr.</span> <span class='ocrx_word' id='word_1_180' title='bbox 1234 2172 1278 2195; x_wconf 78' lang='lat' dir='ltr'>m.</span> <span class='ocrx_word' id='word_1_181' title='bbox 1306 2163 1331 2195; x_wconf 78' lang='lat'><em>2</em></span> <span class='ocrx_word' id='word_1_182' title='bbox 1351 2163 1362 2204; x_wconf 89' lang='grc' dir='ltr'>ΙΙ</span> 
     </span>
    </p>
   </div>
   <div class='ocr_carea' id='block_1_9' title="bbox 156 2304 1914 3190">
    <p class='ocr_par' dir='ltr' id='par_1_31' title="bbox 156 2304 1914 3190">
     <span class='ocr_line' id='line_1_52' title="bbox 257 2304 1912 2351; baseline -0.001 -12"><span class='ocrx_word' id='word_1_183' title='bbox 257 2309 287 2340; x_wconf 93' lang='grc'>1.</span> <span class='ocrx_word' id='word_1_184' title='bbox 315 2304 422 2340; x_wconf 78' lang='lat' dir='ltr'>Ostia</span> <span class='ocrx_word' id='word_1_185' title='bbox 448 2318 471 2340; x_wconf 82' lang='lat' dir='ltr'>a</span> <span class='ocrx_word' id='word_1_186' title='bbox 494 2307 497 2349; x_wconf 99' lang='grc' dir='ltr'>Ι</span> <span class='ocrx_word' id='word_1_187' title='bbox 520 2306 648 2350; x_wconf 75' lang='lat' dir='ltr'>portas</span> <span class='ocrx_word' id='word_1_188' title='bbox 676 2317 699 2339; x_wconf 84' lang='grc' dir='ltr'>(ι</span> <span class='ocrx_word' id='word_1_189' title='bbox 724 2305 735 2349; x_wconf 97' lang='grc' dir='ltr'>ΙΙ</span> <span class='ocrx_word' id='word_1_190' title='bbox 761 2311 792 2340; x_wconf 84' lang='grc'>3.</span> <span class='ocrx_word' id='word_1_191' title='bbox 821 2305 868 2339; x_wconf 84' lang='lat' dir='ltr'>ob</span> <span class='ocrx_word' id='word_1_192' title='bbox 895 2304 981 2340; x_wconf 87' lang='lat' dir='ltr'>odio</span> <span class='ocrx_word' id='word_1_193' title='bbox 1009 2318 1033 2341; x_wconf 76' lang='lat' dir='ltr'>a</span> <span class='ocrx_word' id='word_1_194' title='bbox 1055 2308 1059 2350; x_wconf 97' lang='grc' dir='ltr'>Ι</span> <span class='ocrx_word' id='word_1_195' title='bbox 1083 2304 1317 2339; x_wconf 69' lang='lat' dir='ltr'>uocabantur</span> <span class='ocrx_word' id='word_1_196' title='bbox 1342 2305 1383 2339; x_wconf 47' lang='grc' dir='ltr'>αἱ·</span> <span class='ocrx_word' id='word_1_197' title='bbox 1408 2317 1453 2340; x_wconf 66' lang='lat' dir='ltr'>ear</span> <span class='ocrx_word' id='word_1_198' title='bbox 1478 2306 1661 2339; x_wconf 80' lang='lat' dir='ltr'>uocantur</span> <span class='ocrx_word' id='word_1_199' title='bbox 1685 2308 1697 2351; x_wconf 92' lang='grc' dir='ltr'>ΙΙ</span> <span class='ocrx_word' id='word_1_200' title='bbox 1727 2310 1757 2339; x_wconf 72' lang='lat'>4.</span> <span class='ocrx_word' id='word_1_201' title='bbox 1786 2304 1912 2349; x_wconf 82' lang='lat' dir='ltr'>appel-</span> 
     </span>
     <span class='ocr_line' id='line_1_53' title="bbox 160 2363 1913 2410; baseline -0.001 -11"><span class='ocrx_word' id='word_1_202' title='bbox 160 2365 286 2399; x_wconf 74' lang='lat' dir='ltr'>lantur</span> <span class='ocrx_word' id='word_1_203' title='bbox 312 2378 334 2400; x_wconf 84' lang='grc' dir='ltr'>(ι</span> <span class='ocrx_word' id='word_1_204' title='bbox 357 2366 362 2410; x_wconf 98' lang='grc' dir='ltr'>Ι</span> <span class='ocrx_word' id='word_1_205' title='bbox 384 2376 455 2409; x_wconf 80' lang='lat' dir='ltr'>que</span> <span class='ocrx_word' id='word_1_206' title='bbox 483 2378 504 2400; x_wconf 80' lang='grc' dir='ltr'><em>α</em></span> <span class='ocrx_word' id='word_1_207' title='bbox 528 2367 532 2409; x_wconf 96' lang='grc' dir='ltr'>Ι</span> <span class='ocrx_word' id='word_1_208' title='bbox 556 2366 669 2408; x_wconf 78' lang='lat' dir='ltr'>atquc</span> <span class='ocrx_word' id='word_1_209' title='bbox 696 2378 719 2400; x_wconf 72' lang='grc' dir='ltr'>ιι</span> <span class='ocrx_word' id='word_1_210' title='bbox 742 2367 746 2410; x_wconf 99' lang='grc' dir='ltr'>Ι</span> <span class='ocrx_word' id='word_1_211' title='bbox 770 2364 922 2399; x_wconf 78' lang='lat' dir='ltr'>uenatio</span> <span class='ocrx_word' id='word_1_212' title='bbox 950 2378 973 2400; x_wconf 79' lang='grc' dir='ltr'>ιι</span> <span class='ocrx_word' id='word_1_213' title='bbox 992 2367 1003 2410; x_wconf 81' lang='grc' dir='ltr'>ΙΙ</span> <span class='ocrx_word' id='word_1_214' title='bbox 1024 2369 1056 2401; x_wconf 83' lang='lat'>5.</span> <span class='ocrx_word' id='word_1_215' title='bbox 1078 2378 1144 2401; x_wconf 81' lang='lat' dir='ltr'>om.</span> <span class='ocrx_word' id='word_1_216' title='bbox 1167 2366 1248 2401; x_wconf 70' lang='lat' dir='ltr'>(ced</span> <span class='ocrx_word' id='word_1_217' title='bbox 1268 2367 1279 2409; x_wconf 91' lang='grc' dir='ltr'>ΙΙ</span> <span class='ocrx_word' id='word_1_218' title='bbox 1300 2370 1331 2400; x_wconf 87' lang='grc'>6.</span> <span class='ocrx_word' id='word_1_219' title='bbox 1354 2364 1524 2399; x_wconf 75' lang='lat' dir='ltr'>exultens</span> <span class='ocrx_word' id='word_1_220' title='bbox 1551 2378 1569 2400; x_wconf 86' lang='lat' dir='ltr'>c</span> <span class='ocrx_word' id='word_1_221' title='bbox 1592 2368 1596 2409; x_wconf 96' lang='grc' dir='ltr'>Ι</span> <span class='ocrx_word' id='word_1_222' title='bbox 1620 2365 1680 2399; x_wconf 79' lang='lat' dir='ltr'>uel</span> <span class='ocrx_word' id='word_1_223' title='bbox 1706 2377 1772 2400; x_wconf 81' lang='lat' dir='ltr'>om.</span> <span class='ocrx_word' id='word_1_224' title='bbox 1800 2365 1883 2399; x_wconf 73' lang='lat' dir='ltr'>aed</span> <span class='ocrx_word' id='word_1_225' title='bbox 1902 2363 1913 2409; x_wconf 90' lang='grc' dir='ltr'>ΙΙ</span> 
     </span>
     <span class='ocr_line' id='line_1_54' title="bbox 161 2423 1914 2470; baseline -0.002 -10"><span class='ocrx_word' id='word_1_226' title='bbox 161 2429 190 2460; x_wconf 82' lang='lat'>7.</span> <span class='ocrx_word' id='word_1_227' title='bbox 219 2437 286 2460; x_wconf 83' lang='lat' dir='ltr'>om.</span> <span class='ocrx_word' id='word_1_228' title='bbox 313 2426 363 2460; x_wconf 77' lang='lat' dir='ltr'>cd</span> <span class='ocrx_word' id='word_1_229' title='bbox 403 2426 407 2470; x_wconf 97' lang='grc' dir='ltr'>Ι</span> <span class='ocrx_word' id='word_1_230' title='bbox 450 2423 648 2459; x_wconf 83' lang='lat' dir='ltr'>Ouariolus</span> <span class='ocrx_word' id='word_1_231' title='bbox 675 2437 698 2459; x_wconf 76' lang='lat' dir='ltr'>a</span> <span class='ocrx_word' id='word_1_232' title='bbox 733 2428 737 2469; x_wconf 93' lang='grc' dir='ltr'>Ι</span> <span class='ocrx_word' id='word_1_233' title='bbox 772 2424 891 2460; x_wconf 88' lang='lat' dir='ltr'>leonis</span> <span class='ocrx_word' id='word_1_234' title='bbox 919 2438 942 2460; x_wconf 79' lang='grc' dir='ltr'>α</span> <span class='ocrx_word' id='word_1_235' title='bbox 979 2426 990 2470; x_wconf 97' lang='grc' dir='ltr'>ΙΙ</span> <span class='ocrx_word' id='word_1_236' title='bbox 1028 2430 1059 2460; x_wconf 84' lang='grc'>8.</span> <span class='ocrx_word' id='word_1_237' title='bbox 1089 2425 1254 2460; x_wconf 84' lang='lat' dir='ltr'>Obantes</span> <span class='ocrx_word' id='word_1_238' title='bbox 1281 2438 1300 2460; x_wconf 79' lang='lat' dir='ltr'>c</span> <span class='ocrx_word' id='word_1_239' title='bbox 1334 2428 1338 2469; x_wconf 95' lang='grc' dir='ltr'>Ι</span> <span class='ocrx_word' id='word_1_240' title='bbox 1373 2426 1520 2460; x_wconf 51' lang='lat' dir='ltr'>addid&amp;</span> <span class='ocrx_word' id='word_1_241' title='bbox 1545 2437 1589 2460; x_wconf 81' lang='lat' dir='ltr'>m.</span> <span class='ocrx_word' id='word_1_242' title='bbox 1617 2429 1641 2461; x_wconf 73' lang='lat'>:2</span> <span class='ocrx_word' id='word_1_243' title='bbox 1669 2426 1709 2460; x_wconf 76' lang='lat' dir='ltr'>in</span> <span class='ocrx_word' id='word_1_244' title='bbox 1735 2438 1776 2460; x_wconf 80' lang='lat' dir='ltr'>a:</span> <span class='ocrx_word' id='word_1_245' title='bbox 1803 2424 1914 2459; x_wconf 85' lang='lat' dir='ltr'>Orror</span> 
     </span>
     <span class='ocr_line' id='line_1_55' title="bbox 160 2483 1911 2531; baseline -0.002 -11"><span class='ocrx_word' id='word_1_246' title='bbox 160 2485 304 2531; x_wconf 81' lang='lat' dir='ltr'>odium⁷</span> <span class='ocrx_word' id='word_1_247' title='bbox 331 2487 453 2521; x_wconf 75' lang='lat' dir='ltr'>eadem</span> <span class='ocrx_word' id='word_1_248' title='bbox 474 2489 559 2530; x_wconf 70' lang='lat' dir='ltr'>post</span> <span class='ocrx_word' id='word_1_249' title='bbox 585 2485 730 2531; x_wconf 61' lang='lat' dir='ltr'>lonyzssus</span> <span class='ocrx_word' id='word_1_250' title='bbox 756 2486 1011 2521; x_wconf 71' lang='lat' dir='ltr'>interstitiwu:</span> <span class='ocrx_word' id='word_1_251' title='bbox 1037 2484 1220 2520; x_wconf 80' lang='lat' dir='ltr'>Patochia</span> <span class='ocrx_word' id='word_1_252' title='bbox 1246 2484 1311 2519; x_wconf 83' lang='lat' dir='ltr'>ubi</span> <span class='ocrx_word' id='word_1_253' title='bbox 1337 2484 1565 2529; x_wconf 77' lang='lat' dir='ltr'>generaliter</span> <span class='ocrx_word' id='word_1_254' title='bbox 1590 2484 1759 2519; x_wconf 82' lang='lat' dir='ltr'>homines</span> <span class='ocrx_word' id='word_1_255' title='bbox 1786 2483 1911 2528; x_wconf 85' lang='lat' dir='ltr'>hospi-</span> 
     </span>
     <span class='ocr_line' id='line_1_56' title="bbox 160 2543 1912 2590; baseline 0 -11"><span class='ocrx_word' id='word_1_256' title='bbox 160 2547 273 2590; x_wconf 82' lang='lat' dir='ltr'>tatur,</span> <span class='ocrx_word' id='word_1_257' title='bbox 301 2544 553 2580; x_wconf 78' lang='lat' dir='ltr'>Gerontochia</span> <span class='ocrx_word' id='word_1_258' title='bbox 579 2544 644 2579; x_wconf 85' lang='lat' dir='ltr'>ubi</span> <span class='ocrx_word' id='word_1_259' title='bbox 671 2556 777 2580; x_wconf 85' lang='lat' dir='ltr'>senes</span> <span class='ocrx_word' id='word_1_260' title='bbox 805 2547 892 2580; x_wconf 86' lang='lat' dir='ltr'>sunt</span> <span class='ocrx_word' id='word_1_261' title='bbox 918 2544 1138 2589; x_wconf 80' lang='lat' dir='ltr'>congregati</span> <span class='ocrx_word' id='word_1_262' title='bbox 1165 2544 1323 2579; x_wconf 82' lang='lat' dir='ltr'>aliorum</span> <span class='ocrx_word' id='word_1_263' title='bbox 1351 2544 1490 2579; x_wconf 84' lang='lat' dir='ltr'>solacio</span> <span class='ocrx_word' id='word_1_264' title='bbox 1517 2543 1748 2589; x_wconf 77' lang='lat' dir='ltr'>indigentes:</span> <span class='ocrx_word' id='word_1_265' title='bbox 1782 2545 1912 2590; x_wconf 66' lang='lat' dir='ltr'>quibus</span> 
     </span>
     <span class='ocr_line' id='line_1_57' title="bbox 161 2603 1911 2650; baseline -0.002 -9"><span class='ocrx_word' id='word_1_266' title='bbox 161 2607 269 2641; x_wconf 73' lang='lat' dir='ltr'>tertia</span> <span class='ocrx_word' id='word_1_267' title='bbox 306 2617 438 2641; x_wconf 59' lang='lat' dir='ltr'>‘manus</span> <span class='ocrx_word' id='word_1_268' title='bbox 476 2606 610 2640; x_wconf 64' lang='lat' dir='ltr'>adiecit</span> <span class='ocrx_word' id='word_1_269' title='bbox 646 2606 727 2640; x_wconf 80' lang='lat' dir='ltr'>hoc:</span> <span class='ocrx_word' id='word_1_270' title='bbox 764 2605 1078 2650; x_wconf 75' lang='lat' dir='ltr'>Par-apetasmata</span> <span class='ocrx_word' id='word_1_271' title='bbox 1116 2604 1155 2638; x_wconf 88' lang='lat' dir='ltr'>id</span> <span class='ocrx_word' id='word_1_272' title='bbox 1188 2606 1245 2639; x_wconf 83' lang='lat' dir='ltr'>est</span> <span class='ocrx_word' id='word_1_273' title='bbox 1278 2603 1468 2639; x_wconf 84' lang='lat' dir='ltr'>uelamina</span> <span class='ocrx_word' id='word_1_274' title='bbox 1500 2616 1573 2649; x_wconf 85' lang='lat' dir='ltr'>quo</span> <span class='ocrx_word' id='word_1_275' title='bbox 1612 2604 1839 2639; x_wconf 80' lang='lat' dir='ltr'>fornicantes</span> <span class='ocrx_word' id='word_1_276' title='bbox 1872 2603 1911 2637; x_wconf 87' lang='lat' dir='ltr'>in</span> 
     </span>
     <span class='ocr_line' id='line_1_58' title="bbox 160 2664 1911 2711; baseline -0.001 -11"><span class='ocrx_word' id='word_1_277' title='bbox 160 2666 300 2711; x_wconf 83' lang='lat' dir='ltr'>templo</span> <span class='ocrx_word' id='word_1_278' title='bbox 326 2665 451 2700; x_wconf 80' lang='lat' dir='ltr'>nullus</span> <span class='ocrx_word' id='word_1_279' title='bbox 478 2664 599 2710; x_wconf 83' lang='lat' dir='ltr'>possit</span> <span class='ocrx_word' id='word_1_280' title='bbox 625 2665 793 2710; x_wconf 78' lang='lat' dir='ltr'>aspicere</span> <span class='ocrx_word' id='word_1_281' title='bbox 825 2666 835 2709; x_wconf 92' lang='grc' dir='ltr'>ΙΙ</span> <span class='ocrx_word' id='word_1_282' title='bbox 868 2670 899 2700; x_wconf 83' lang='grc'>9.</span> <span class='ocrx_word' id='word_1_283' title='bbox 928 2678 993 2700; x_wconf 74' lang='lat' dir='ltr'>om,</span> <span class='ocrx_word' id='word_1_284' title='bbox 1022 2665 1102 2700; x_wconf 78' lang='lat' dir='ltr'>aed</span> <span class='ocrx_word' id='word_1_285' title='bbox 1133 2666 1143 2709; x_wconf 97' lang='grc' dir='ltr'>ΙΙ</span> <span class='ocrx_word' id='word_1_286' title='bbox 1177 2668 1232 2699; x_wconf 88' lang='grc'>10.</span> <span class='ocrx_word' id='word_1_287' title='bbox 1264 2666 1420 2709; x_wconf 84' lang='lat' dir='ltr'>praeuet</span> <span class='ocrx_word' id='word_1_288' title='bbox 1446 2677 1469 2699; x_wconf 86' lang='grc' dir='ltr'><em>α</em></span> <span class='ocrx_word' id='word_1_289' title='bbox 1489 2665 1499 2708; x_wconf 97' lang='grc' dir='ltr'>ΙΙ</span> <span class='ocrx_word' id='word_1_290' title='bbox 1526 2668 1580 2699; x_wconf 90' lang='grc'>11.</span> <span class='ocrx_word' id='word_1_291' title='bbox 1607 2666 1766 2709; x_wconf 78' lang='lat' dir='ltr'>pacatus</span> <span class='ocrx_word' id='word_1_292' title='bbox 1792 2665 1875 2699; x_wconf 72' lang='lat' dir='ltr'>aed</span> <span class='ocrx_word' id='word_1_293' title='bbox 1899 2664 1911 2710; x_wconf 95' lang='grc' dir='ltr'>ΙΙ</span> 
     </span>
     <span class='ocr_line' id='line_1_59' title="bbox 162 2723 1911 2770; baseline 0 -11"><span class='ocrx_word' id='word_1_294' title='bbox 162 2730 215 2762; x_wconf 87' lang='grc'>13.</span> <span class='ocrx_word' id='word_1_295' title='bbox 242 2725 436 2760; x_wconf 78' lang='lat' dir='ltr'>Paciseere</span> <span class='ocrx_word' id='word_1_296' title='bbox 464 2737 513 2760; x_wconf 76' lang='grc' dir='ltr'>(ιο</span> <span class='ocrx_word' id='word_1_297' title='bbox 541 2727 545 2770; x_wconf 97' lang='grc' dir='ltr'>Ι</span> <span class='ocrx_word' id='word_1_298' title='bbox 576 2724 806 2769; x_wconf 82' lang='lat' dir='ltr'>reintegrare</span> <span class='ocrx_word' id='word_1_299' title='bbox 833 2738 855 2760; x_wconf 81' lang='grc' dir='ltr'>ιι</span> <span class='ocrx_word' id='word_1_300' title='bbox 887 2727 897 2770; x_wconf 96' lang='grc' dir='ltr'>ΙΙ</span> <span class='ocrx_word' id='word_1_301' title='bbox 932 2728 985 2760; x_wconf 86' lang='lat'>15.</span> <span class='ocrx_word' id='word_1_302' title='bbox 1012 2737 1078 2760; x_wconf 83' lang='lat' dir='ltr'>om.</span> <span class='ocrx_word' id='word_1_303' title='bbox 1105 2737 1123 2760; x_wconf 85' lang='lat' dir='ltr'>c</span> <span class='ocrx_word' id='word_1_304' title='bbox 1158 2727 1162 2769; x_wconf 97' lang='grc' dir='ltr'>Ι</span> <span class='ocrx_word' id='word_1_305' title='bbox 1197 2723 1369 2759; x_wconf 83' lang='lat' dir='ltr'>l’actorio</span> <span class='ocrx_word' id='word_1_306' title='bbox 1396 2724 1625 2769; x_wconf 72' lang='lat' dir='ltr'>plantator-io</span> <span class='ocrx_word' id='word_1_307' title='bbox 1652 2726 1676 2759; x_wconf 70' lang='lat' dir='ltr'>«l</span> <span class='ocrx_word' id='word_1_308' title='bbox 1710 2726 1713 2768; x_wconf 97' lang='grc' dir='ltr'>Ι</span> <span class='ocrx_word' id='word_1_309' title='bbox 1748 2726 1911 2770; x_wconf 68' lang='lat' dir='ltr'>sequitur</span> 
     </span>
     <span class='ocr_line' id='line_1_60' title="bbox 160 2783 1906 2830; baseline -0.001 -9"><span class='ocrx_word' id='word_1_310' title='bbox 160 2788 201 2821; x_wconf 70' lang='lat' dir='ltr'>in</span> <span class='ocrx_word' id='word_1_311' title='bbox 227 2787 293 2821; x_wconf 75' lang='lat' dir='ltr'>cd.-</span> <span class='ocrx_word' id='word_1_312' title='bbox 325 2785 449 2830; x_wconf 85' lang='lat' dir='ltr'>Pagus</span> <span class='ocrx_word' id='word_1_313' title='bbox 476 2784 610 2819; x_wconf 86' lang='lat' dir='ltr'>fluuius</span> <span class='ocrx_word' id='word_1_314' title='bbox 648 2787 660 2830; x_wconf 96' lang='grc' dir='ltr'>ΙΙ</span> <span class='ocrx_word' id='word_1_315' title='bbox 699 2790 752 2821; x_wconf 80' lang='grc'>16.</span> <span class='ocrx_word' id='word_1_316' title='bbox 781 2784 973 2829; x_wconf 87' lang='lat' dir='ltr'>colligium</span> <span class='ocrx_word' id='word_1_317' title='bbox 1000 2786 1080 2820; x_wconf 71' lang='lat' dir='ltr'>aed</span> <span class='ocrx_word' id='word_1_318' title='bbox 1111 2787 1122 2830; x_wconf 98' lang='grc' dir='ltr'>ΙΙ</span> <span class='ocrx_word' id='word_1_319' title='bbox 1161 2789 1215 2820; x_wconf 84' lang='grc'>17.</span> <span class='ocrx_word' id='word_1_320' title='bbox 1241 2796 1407 2829; x_wconf 84' lang='lat' dir='ltr'>pangum</span> <span class='ocrx_word' id='word_1_321' title='bbox 1434 2796 1453 2819; x_wconf 85' lang='lat' dir='ltr'>c</span> <span class='ocrx_word' id='word_1_322' title='bbox 1483 2786 1494 2829; x_wconf 94' lang='grc' dir='ltr'>ΙΙ</span> <span class='ocrx_word' id='word_1_323' title='bbox 1528 2788 1582 2819; x_wconf 79' lang='grc'>18.</span> <span class='ocrx_word' id='word_1_324' title='bbox 1609 2783 1830 2828; x_wconf 78' lang='lat' dir='ltr'>Paganitius</span> <span class='ocrx_word' id='word_1_325' title='bbox 1857 2796 1874 2819; x_wconf 86' lang='lat' dir='ltr'>c</span> <span class='ocrx_word' id='word_1_326' title='bbox 1903 2784 1906 2830; x_wconf 97' lang='grc' dir='ltr'>Ι</span> 
     </span>
     <span class='ocr_line' id='line_1_61' title="bbox 160 2842 1908 2891; baseline -0.001 -11"><span class='ocrx_word' id='word_1_327' title='bbox 160 2845 326 2880; x_wconf 83' lang='lat' dir='ltr'>occultor</span> <span class='ocrx_word' id='word_1_328' title='bbox 351 2858 369 2881; x_wconf 82' lang='lat' dir='ltr'>c</span> <span class='ocrx_word' id='word_1_329' title='bbox 399 2847 411 2890; x_wconf 94' lang='grc' dir='ltr'>ΙΙ</span> <span class='ocrx_word' id='word_1_330' title='bbox 443 2849 498 2879; x_wconf 82' lang='grc'>19.</span> <span class='ocrx_word' id='word_1_331' title='bbox 525 2844 638 2890; x_wconf 85' lang='lat' dir='ltr'>Pagit</span> <span class='ocrx_word' id='word_1_332' title='bbox 662 2846 713 2881; x_wconf 78' lang='lat' dir='ltr'>ccl</span> <span class='ocrx_word' id='word_1_333' title='bbox 741 2849 745 2891; x_wconf 97' lang='grc' dir='ltr'>Ι</span> <span class='ocrx_word' id='word_1_334' title='bbox 775 2847 841 2880; x_wconf 82' lang='lat' dir='ltr'>aut</span> <span class='ocrx_word' id='word_1_335' title='bbox 866 2845 994 2890; x_wconf 80' lang='lat' dir='ltr'>palum</span> <span class='ocrx_word' id='word_1_336' title='bbox 1021 2846 1070 2880; x_wconf 76' lang='lat' dir='ltr'>ccl</span> <span class='ocrx_word' id='word_1_337' title='bbox 1105 2846 1109 2889; x_wconf 98' lang='grc' dir='ltr'>Ι</span> <span class='ocrx_word' id='word_1_338' title='bbox 1144 2843 1243 2889; x_wconf 86' lang='lat' dir='ltr'>fugit</span> <span class='ocrx_word' id='word_1_339' title='bbox 1267 2856 1285 2880; x_wconf 89' lang='lat' dir='ltr'>c</span> <span class='ocrx_word' id='word_1_340' title='bbox 1308 2846 1313 2889; x_wconf 98' lang='grc' dir='ltr'>Ι</span> <span class='ocrx_word' id='word_1_341' title='bbox 1336 2854 1384 2878; x_wconf 81' lang='lat' dir='ltr'>an</span> <span class='ocrx_word' id='word_1_342' title='bbox 1410 2856 1433 2879; x_wconf 78' lang='lat' dir='ltr'>a</span> <span class='ocrx_word' id='word_1_343' title='bbox 1455 2846 1460 2888; x_wconf 97' lang='grc' dir='ltr'>Ι</span> <span class='ocrx_word' id='word_1_344' title='bbox 1484 2842 1603 2878; x_wconf 74' lang='lat' dir='ltr'>cit-ara</span> <span class='ocrx_word' id='word_1_345' title='bbox 1628 2856 1646 2879; x_wconf 82' lang='lat' dir='ltr'>c</span> <span class='ocrx_word' id='word_1_346' title='bbox 1671 2844 1682 2889; x_wconf 64' lang='grc' dir='ltr'>Ιζ</span> <span class='ocrx_word' id='word_1_347' title='bbox 1709 2848 1763 2879; x_wconf 75' lang='lat'>20.</span> <span class='ocrx_word' id='word_1_348' title='bbox 1790 2844 1908 2878; x_wconf 81' lang='lat' dir='ltr'>lucta-</span> 
     </span>
     <span class='ocr_line' id='line_1_62' title="bbox 161 2902 1908 2951; baseline -0.001 -11"><span class='ocrx_word' id='word_1_349' title='bbox 161 2907 281 2940; x_wconf 86' lang='lat' dir='ltr'>torum</span> <span class='ocrx_word' id='word_1_350' title='bbox 309 2904 419 2940; x_wconf 86' lang='lat' dir='ltr'>ubic</span> <span class='ocrx_word' id='word_1_351' title='bbox 454 2905 457 2951; x_wconf 97' lang='grc' dir='ltr'>Ι</span> <span class='ocrx_word' id='word_1_352' title='bbox 493 2904 637 2939; x_wconf 83' lang='lat' dir='ltr'>adletes</span> <span class='ocrx_word' id='word_1_353' title='bbox 664 2917 698 2941; x_wconf 77' lang='lat' dir='ltr'>a.</span> <span class='ocrx_word' id='word_1_354' title='bbox 738 2905 812 2940; x_wconf 90' lang='lat' dir='ltr'>clet</span> <span class='ocrx_word' id='word_1_355' title='bbox 839 2916 876 2939; x_wconf 89' lang='lat' dir='ltr'>se</span> <span class='ocrx_word' id='word_1_356' title='bbox 903 2917 921 2940; x_wconf 87' lang='lat' dir='ltr'>c</span> <span class='ocrx_word' id='word_1_357' title='bbox 963 2907 975 2949; x_wconf 92' lang='grc' dir='ltr'>ΙΙ</span> <span class='ocrx_word' id='word_1_358' title='bbox 1019 2908 1074 2939; x_wconf 78' lang='lat'>21.</span> <span class='ocrx_word' id='word_1_359' title='bbox 1102 2904 1211 2939; x_wconf 84' lang='lat' dir='ltr'>fobeo</span> <span class='ocrx_word' id='word_1_360' title='bbox 1239 2905 1298 2940; x_wconf 81' lang='lat' dir='ltr'>cd.</span> <span class='ocrx_word' id='word_1_361' title='bbox 1337 2903 1447 2938; x_wconf 81' lang='lat' dir='ltr'>fabeo</span> <span class='ocrx_word' id='word_1_362' title='bbox 1475 2915 1498 2938; x_wconf 84' lang='grc' dir='ltr'><em>α</em></span> <span class='ocrx_word' id='word_1_363' title='bbox 1533 2903 1536 2949; x_wconf 98' lang='grc' dir='ltr'>Ι</span> <span class='ocrx_word' id='word_1_364' title='bbox 1572 2914 1620 2937; x_wconf 80' lang='lat' dir='ltr'>an</span> <span class='ocrx_word' id='word_1_365' title='bbox 1645 2916 1668 2938; x_wconf 83' lang='grc' dir='ltr'>(ι</span> <span class='ocrx_word' id='word_1_366' title='bbox 1709 2903 1712 2949; x_wconf 94' lang='grc' dir='ltr'>Ι</span> <span class='ocrx_word' id='word_1_367' title='bbox 1755 2902 1908 2938; x_wconf 85' lang='lat' dir='ltr'>blandio</span> 
     </span>
     <span class='ocr_line' id='line_1_63' title="bbox 156 2962 1908 3011; baseline -0.001 -10"><span class='ocrx_word' id='word_1_368' title='bbox 156 2977 226 3011; x_wconf 70' lang='lat' dir='ltr'>pro</span> <span class='ocrx_word' id='word_1_369' title='bbox 251 2965 413 2999; x_wconf 85' lang='lat' dir='ltr'>blandeo</span> <span class='ocrx_word' id='word_1_370' title='bbox 439 2977 529 3000; x_wconf 71' lang='lat' dir='ltr'>corr.</span> <span class='ocrx_word' id='word_1_371' title='bbox 552 2977 585 3000; x_wconf 83' lang='grc' dir='ltr'>α.</span> <span class='ocrx_word' id='word_1_372' title='bbox 618 2964 772 3000; x_wconf 84' lang='lat' dir='ltr'>blandio</span> <span class='ocrx_word' id='word_1_373' title='bbox 793 2966 842 3000; x_wconf 80' lang='lat' dir='ltr'>cd</span> <span class='ocrx_word' id='word_1_374' title='bbox 865 2969 868 3005; x_wconf 85' lang='grc' dir='ltr'>Ι</span> <span class='ocrx_word' id='word_1_375' title='bbox 893 2966 958 2998; x_wconf 76' lang='lat' dir='ltr'>aut</span> <span class='ocrx_word' id='word_1_376' title='bbox 977 2976 1043 2999; x_wconf 83' lang='lat' dir='ltr'>om.</span> <span class='ocrx_word' id='word_1_377' title='bbox 1064 2977 1087 3000; x_wconf 84' lang='grc' dir='ltr'><em>α</em></span> <span class='ocrx_word' id='word_1_378' title='bbox 1106 2966 1117 3009; x_wconf 95' lang='grc' dir='ltr'>ΙΙ</span> <span class='ocrx_word' id='word_1_379' title='bbox 1137 2968 1192 3000; x_wconf 74' lang='grc'>22.</span> <span class='ocrx_word' id='word_1_380' title='bbox 1214 2962 1408 2998; x_wconf 81' lang='lat' dir='ltr'>blanditur</span> <span class='ocrx_word' id='word_1_381' title='bbox 1432 2965 1498 2997; x_wconf 77' lang='lat' dir='ltr'>aut</span> <span class='ocrx_word' id='word_1_382' title='bbox 1516 2973 1629 2996; x_wconf 85' lang='lat' dir='ltr'>manu</span> <span class='ocrx_word' id='word_1_383' title='bbox 1649 2964 1861 2997; x_wconf 77' lang='lat' dir='ltr'>contr-aetat</span> <span class='ocrx_word' id='word_1_384' title='bbox 1880 2976 1908 2999; x_wconf 80' lang='lat' dir='ltr'>c.</span> 
     </span>
     <span class='ocr_line' id='line_1_64' title="bbox 160 3022 1907 3070; baseline -0.002 -11"><span class='ocrx_word' id='word_1_385' title='bbox 160 3024 406 3059; x_wconf 77' lang='lat' dir='ltr'>blandiuntur</span> <span class='ocrx_word' id='word_1_386' title='bbox 430 3036 544 3058; x_wconf 84' lang='lat' dir='ltr'>manu</span> <span class='ocrx_word' id='word_1_387' title='bbox 571 3026 783 3059; x_wconf 74' lang='lat' dir='ltr'>contr-aetat</span> <span class='ocrx_word' id='word_1_388' title='bbox 807 3037 830 3060; x_wconf 81' lang='lat' dir='ltr'>a</span> <span class='ocrx_word' id='word_1_389' title='bbox 861 3026 871 3070; x_wconf 99' lang='grc' dir='ltr'>ΙΙ</span> <span class='ocrx_word' id='word_1_390' title='bbox 904 3028 959 3059; x_wconf 74' lang='lat'>23.</span> <span class='ocrx_word' id='word_1_391' title='bbox 986 3023 1158 3058; x_wconf 86' lang='lat' dir='ltr'>Paliurus</span> <span class='ocrx_word' id='word_1_392' title='bbox 1190 3036 1234 3060; x_wconf 71' lang='lat' dir='ltr'>ex</span> <span class='ocrx_word' id='word_1_393' title='bbox 1260 3036 1351 3060; x_wconf 73' lang='lat' dir='ltr'>corr.</span> <span class='ocrx_word' id='word_1_394' title='bbox 1379 3036 1412 3059; x_wconf 76' lang='grc' dir='ltr'>α.</span> <span class='ocrx_word' id='word_1_395' title='bbox 1452 3022 1624 3057; x_wconf 78' lang='lat' dir='ltr'>Paliurus</span> <span class='ocrx_word' id='word_1_396' title='bbox 1651 3035 1668 3057; x_wconf 79' lang='lat' dir='ltr'>c</span> <span class='ocrx_word' id='word_1_397' title='bbox 1699 3025 1709 3067; x_wconf 93' lang='grc' dir='ltr'>ΙΙ</span> <span class='ocrx_word' id='word_1_398' title='bbox 1742 3026 1797 3057; x_wconf 75' lang='grc'>26.</span> <span class='ocrx_word' id='word_1_399' title='bbox 1824 3022 1907 3057; x_wconf 85' lang='lat' dir='ltr'>Pal-</span> 
     </span>
     <span class='ocr_line' id='line_1_65' title="bbox 160 3083 1904 3129; baseline 0 -11"><span class='ocrx_word' id='word_1_400' title='bbox 160 3084 282 3119; x_wconf 87' lang='lat' dir='ltr'>lantes</span> <span class='ocrx_word' id='word_1_401' title='bbox 309 3097 332 3120; x_wconf 82' lang='lat' dir='ltr'>a</span> <span class='ocrx_word' id='word_1_402' title='bbox 351 3085 362 3129; x_wconf 97' lang='grc' dir='ltr'>ΙΙ</span> <span class='ocrx_word' id='word_1_403' title='bbox 383 3088 438 3120; x_wconf 76' lang='lat'>27.</span> <span class='ocrx_word' id='word_1_404' title='bbox 466 3088 521 3119; x_wconf 72' lang='lat'>⁴28.</span> <span class='ocrx_word' id='word_1_405' title='bbox 549 3083 743 3119; x_wconf 82' lang='lat' dir='ltr'>Palmatus</span> <span class='ocrx_word' id='word_1_406' title='bbox 769 3084 962 3118; x_wconf 79' lang='lat' dir='ltr'>laureatus</span> <span class='ocrx_word' id='word_1_407' title='bbox 988 3083 1050 3118; x_wconf 88' lang='lat' dir='ltr'>uel</span> <span class='ocrx_word' id='word_1_408' title='bbox 1075 3083 1253 3118; x_wconf 83' lang='lat' dir='ltr'>uictorias</span> <span class='ocrx_word' id='word_1_409' title='bbox 1279 3096 1303 3119; x_wconf 79' lang='lat' dir='ltr'>a</span> <span class='ocrx_word' id='word_1_410' title='bbox 1322 3085 1332 3129; x_wconf 95' lang='grc' dir='ltr'>ΙΙ</span> <span class='ocrx_word' id='word_1_411' title='bbox 1352 3088 1408 3119; x_wconf 75' lang='lat'>29.</span> <span class='ocrx_word' id='word_1_412' title='bbox 1434 3083 1607 3117; x_wconf 85' lang='lat' dir='ltr'>Plateum</span> <span class='ocrx_word' id='word_1_413' title='bbox 1632 3094 1650 3117; x_wconf 84' lang='lat' dir='ltr'>c</span> <span class='ocrx_word' id='word_1_414' title='bbox 1673 3084 1676 3127; x_wconf 90' lang='grc' dir='ltr'>Ι</span> <span class='ocrx_word' id='word_1_415' title='bbox 1699 3094 1833 3116; x_wconf 86' lang='lat' dir='ltr'>nurum</span> <span class='ocrx_word' id='word_1_416' title='bbox 1855 3096 1879 3118; x_wconf 79' lang='lat' dir='ltr'>a</span> <span class='ocrx_word' id='word_1_417' title='bbox 1902 3084 1904 3128; x_wconf 94' lang='grc' dir='ltr'>Ι</span> 
     </span>
     <span class='ocr_line' id='line_1_66' title="bbox 159 3143 1355 3190; baseline 0.001 -11"><span class='ocrx_word' id='word_1_418' title='bbox 159 3143 356 3179; x_wconf 82' lang='lat' dir='ltr'>fastidium</span> <span class='ocrx_word' id='word_1_419' title='bbox 380 3157 399 3180; x_wconf 89' lang='lat' dir='ltr'>c</span> <span class='ocrx_word' id='word_1_420' title='bbox 417 3147 429 3190; x_wconf 97' lang='grc' dir='ltr'>ΙΙ</span> <span class='ocrx_word' id='word_1_421' title='bbox 449 3150 505 3180; x_wconf 86' lang='grc'>31.</span> <span class='ocrx_word' id='word_1_422' title='bbox 532 3146 704 3189; x_wconf 86' lang='lat' dir='ltr'>apertum</span> <span class='ocrx_word' id='word_1_423' title='bbox 731 3158 753 3180; x_wconf 81' lang='lat' dir='ltr'>a</span> <span class='ocrx_word' id='word_1_424' title='bbox 772 3147 783 3190; x_wconf 92' lang='grc' dir='ltr'>ΙΙ</span> <span class='ocrx_word' id='word_1_425' title='bbox 803 3148 860 3179; x_wconf 75' lang='lat'>32.</span> <span class='ocrx_word' id='word_1_426' title='bbox 885 3143 1087 3178; x_wconf 71' lang='lat' dir='ltr'>Pauitante</span> <span class='ocrx_word' id='word_1_427' title='bbox 1112 3143 1269 3178; x_wconf 86' lang='lat' dir='ltr'>timente</span> <span class='ocrx_word' id='word_1_428' title='bbox 1295 3157 1319 3180; x_wconf 83' lang='grc' dir='ltr'><em>α</em></span> <span class='ocrx_word' id='word_1_429' title='bbox 1343 3148 1355 3189; x_wconf 92' lang='grc' dir='ltr'>ΙΙ</span> 
     </span>
    </p>
   </div>
  </div>
 </body>
</html>
