2170 3522
104 1100 137 1125 10

41 1531 124 1561 1441

103 1897 136 1921 20

636 183 849 219 GLOSSAE
878 182 1064 218 CODICIS
1091 182 1323 218 VA'HCANT
1350 187 1439 218 3321
1832 182 1913 223 175

160 296 296 352 Spero
330 296 457 338 credo
1058 293 1196 336 Stoici
1228 292 1480 348 philosophi
1514 290 1823 347 seuerissimi2)
1935 305 1968 329 ‘25

161 367 337 423 Spreuit
369 367 620 418 contemsit]
1057 364 1204 408 Strofa
1235 365 1354 407 fraus
1387 364 1457 406 uel
1487 363 1685 419 nequitia

161 438 337 494 Sponda
368 439 528 480 lectum
1058 437 1271 479 Stimulus
1305 437 1567 492 conpunctio

161 510 325 566 Sponte
357 510 602 552 uolumtate
1058 508 1238 565 Strages
1273 509 1509 550 multitudo
1544 508 1803 550 cadauerum

161 583 435 639 Spontaneus
468 581 759 624 uolumtarius
1058 580 1313 623 Strambum
1346 580 1419 634 qui
1457 595 1590 621 unum
1624 580 1796 621 oculum
1830 583 1916 621 tor-

161 654 378 710 Spoliaria
431 654 666 696 exteriores
725 653 878 696 cellule
931 653 1017 694 bal·
1116 657 1210 694 tum
1242 653 1376 694 habet

216 742 396 769 nearum
1058 724 1271 766 Stronicis
1308 725 1495 766 mimicis
1936 737 1970 762 30

161 797 383 854 Spurcitia
414 798 678 840 inmunditia
1059 796 1254 851 Stipasse
1289 797 1618 847 condemnasse]

159 870 325 926 Spurus
370 870 444 925 qui
489 885 540 912 ex
586 873 725 911 matre
763 870 908 912 nouile
951 872 1018 911 est
1059 868 1202 910 Statio
1237 869 1451 910 abstando

216 945 355 984 matre
389 942 538 984 infimo
571 946 721 984 nascet
1059 940 1207 982 Strata
1239 941 1311 982 uia
1344 941 1504 982 munda

160 1014 342 1070 Spurius
376 1014 648 1056 meretricius
1059 1012 1237 1069 Strages
1272 1013 1510 1054 occisiones

160 1086 390 1142 [Specifica
420 1087 605 1142 pulchra
636 1087 705 1128 uel
740 1086 938 1141 speciosa
1058 1084 1315 1140 Strangulat
1346 1085 1490 1126 uariat
1936 1098 1971 1122 35

159 1158 327 1214 Sphera
358 1158 448 1214 pila
479 1160 634 1215 ingens
1059 1156 1302 1212 Strepitum
1336 1157 1575 1198 tumultum
1946 1166 2034 1196 141ῃ

159 1230 334 1287 Species
347 1230 378 1285 ¹)
411 1231 558 1286 imago
593 1234 668 1272 aut
701 1230 842 1272 forma
1059 1228 1245 1270 Strenua
1276 1228 1405 1270 fortis

159 1302 298 1358 Spiris
331 1303 628 1345 uoluminibus
661 1318 710 1344 ex
745 1303 865 1358 gyris
1059 1301 1291 1343 Sterclinia
1325 1301 1617 1356 scopoliarum
1651 1315 1832 1343 aceruus

159 1374 315 1430 Spelea
347 1390 542 1417 recessus
575 1375 850 1427 umbrossus]
1060 1373 1255 1415 Stemma
1287 1374 1459 1429 generis
1492 1374 1701 1415 nouilitas

217 1446 283 1489 De
317 1462 336 1489 s
370 1450 414 1489 et
447 1462 474 1502 q
1059 1446 1227 1488 Sternit
1260 1446 1467 1488 interficit
1501 1449 1576 1487 aut
1609 1445 1767 1487 occidit
1936 1460 1971 1483 40

159 1518 442 1574 Squalentem
475 1520 694 1561 sordidum
1059 1518 1302 1560 sternimus
1337 1518 1572 1560 occidimus

159 1591 345 1647 Squalor
378 1607 501 1634 orror
535 1595 609 1633 aut
637 1596 808 1648 egestas
837 1595 912 1634 aut
938 1592 1018 1633 ari·
1058 1590 1215 1633 Sterno
1249 1590 1383 1632 exitia
1414 1590 1484 1632 uel
1514 1590 1701 1631 tinuatio

216 1665 331 1707 ditas
1058 1662 1284 1705 Sterillum
1316 1663 1453 1704 uarba
1486 1663 1536 1704 de
1570 1677 1722 1718 crapra
1754 1662 1865 1704 iocai

159 1735 345 1792 Squalor
376 1736 621 1792 inquinatio
1058 1734 1279 1792 Stigmata
1318 1735 1444 1791 signa
1479 1735 1547 1776 uel
1582 1734 1807 1777 cicatrices
1841 1738 1917 1775 aut

160 1808 341 1864 Squalet
368 1809 516 1851 sordet
1116 1810 1279 1863 puncta

158 1880 395 1936 [squamea
428 1896 661 1936 squamosa
694 1882 761 1923 uel
796 1882 970 1923 sordida
1059 1880 1307 1935 Stipulatur
1339 1882 1531 1921 testatur
1937 1893 1971 1917 45

159 1951 391 2008 Squalidus
425 1953 616 1996 incultus
1059 1952 1219 2007 Stirpis
1254 1952 1377 2007 origo
1411 1952 1480 1993 uel
1514 1951 1635 1992 radix

159 2023 370 2079 Squalore
403 2024 491 2066 situ
1057 2024 1226 2080 Stipem
1260 2023 1559 2066 modicitatem

275 2096 340 2138 De
374 2112 393 2139 s
426 2099 470 2138 et
496 2099 516 2138 t
1057 2096 1240 2152 Stipites
1273 2096 1548 2139 modicitates

158 2167 373 2225 Stagnum
405 2169 525 2211 lacus
559 2170 633 2224 qui
665 2185 753 2212 non
785 2170 891 2211 fluet
1058 2168 1195 2224 Stipis
1229 2169 1425 2211 modicus

256 2325 288 2368 1)
310 2328 395 2369 post
421 2323 493 2368 spo
519 2335 644 2359 erasae
671 2323 704 2358 ci
730 2325 799 2360 litt.
820 2326 832 2369 ΙΙ
852 2327 887 2369 Ξ)
915 2329 1000 2360 ante
1025 2336 1049 2358 u
1075 2324 1192 2360 deleta
1217 2328 1268 2359 est
1293 2324 1415 2359 eadem
1443 2324 1565 2359 littera
1590 2335 1704 2358 manu
1728 2335 1754 2358 s.
1783 2323 1865 2358 XV
1888 2325 1900 2368 u

253 2471 286 2502 2.
303 2467 531 2513 contempsit
550 2480 573 2503 (ι
592 2469 604 2513 ΙΙ
623 2472 656 2502 4.
672 2467 869 2503 uoluntate
890 2481 924 2503 α.
952 2468 1189 2503 uoluntatem
1209 2480 1227 2504 c
1246 2470 1257 2514 ΙΙ
1278 2472 1309 2503 5.
1331 2467 1568 2502 uoluntarius
1589 2480 1622 2504 α.
1651 2466 1862 2502 uoluntaris
1876 2479 1910 2514 ck

158 2532 190 2563 6.
218 2527 381 2573 Spoliari
405 2541 424 2564 c
445 2531 450 2574 ι
474 2528 694 2563 ualnearum
723 2527 935 2573 (ualcarum
962 2531 995 2571 c)
1025 2527 1159 2562 cellule
1186 2539 1235 2563 ac
1254 2530 1265 2573 ΙΙ
1287 2532 1316 2563 7.
1346 2527 1528 2573 Sportitia
1555 2530 1654 2574 0118.
1682 2527 1807 2562 nobile
1833 2540 1883 2563 ac
1912 2534 1913 2574 ζ

158 2589 196 2622 ct
220 2589 329 2633 patre
356 2600 405 2625 ac
440 2588 445 2635 1
478 2588 625 2623 infirmo
651 2600 669 2623 c
699 2594 702 2629 ι
731 2588 900 2623 nascitur
925 2600 973 2624 ae
1006 2590 1017 2633 ΙΙ
1050 2592 1081 2624 9.
1110 2587 1262 2633 Sporius
1290 2599 1317 2623 c.
1359 2587 1512 2632 spurios
1539 2601 1562 2624 α
1591 2590 1595 2633 Ι
1627 2588 1856 2623 meretricios
1883 2600 1916 2623 cc.

157 2647 384 2683 meretritios
411 2660 429 2684 c
464 2651 467 2693 Ι
502 2650 666 2695 sequitur
691 2650 733 2684 in
757 2660 796 2684 c:
830 2647 1027 2693 Specimen
1055 2647 1203 2693 siguum
1230 2647 1353 2682 future
1380 2648 1532 2684 uirtutis
1571 2651 1582 2695 ΙΙ
1621 2654 1675 2684 10.
1702 2648 1833 2693 pulcra
1859 2660 1882 2682 a
1911 2648 1914 2695 Ι

158 2707 220 2742 uel
245 2720 311 2744 om.
342 2721 366 2744 α
385 2710 396 2754 ΙΙ
418 2713 473 2744 11.
501 2719 611 2754 spera
637 2720 660 2743 α
679 2709 690 2753 ΙΙ
712 2712 766 2743 12.
795 2719 843 2756 an
869 2720 893 2743 (ι
912 2710 923 2753 Η
945 2713 998 2743 13.
1027 2719 1071 2742 ex
1098 2707 1199 2752 gyris
1226 2719 1291 2743 om.
1320 2720 1344 2743 a
1363 2710 1373 2754 ΙΙ
1402 2713 1455 2744 14.
1482 2708 1655 2743 inbrosus
1682 2721 1705 2743 α
1770 2713 1822 2743 15.
1850 2720 1916 2744 om.

158 2780 206 2804 ac
238 2770 250 2812 ΙΙ
283 2772 338 2804 17.
366 2779 467 2803 error
493 2781 516 2803 a
551 2771 555 2811 Ι
591 2769 658 2802 aut
682 2779 748 2804 om.
770 2780 794 2803 a
829 2768 833 2815 Ι
868 2769 996 2812 gestas
1022 2780 1045 2802 α
1074 2768 1078 2814 1
1108 2767 1169 2803 uel
1194 2780 1244 2804 ae
1275 2771 1286 2813 ΙΙ
1322 2772 1375 2804 18.
1403 2780 1469 2803 om.
1497 2780 1515 2804 c
1546 2770 1557 2814 ΙΙ
1594 2773 1650 2804 20.
1678 2769 1740 2803 uel
1765 2780 1831 2804 om.
1859 2781 1883 2804 α

157 2831 202 2863 23
223 2833 256 2864 et
275 2831 414 2863 25—31
449 2840 515 2864 om.
537 2840 560 2863 (ι
579 2829 644 2863 hoc
664 2828 809 2874 quidem
830 2829 923 2863 loco:
951 2828 996 2871 cf.
1018 2828 1067 2862 (1ιῖ
1088 2831 1171 2872 168,
1191 2831 1216 2864 2
1237 2832 1270 2864 et
1288 2831 1311 2862 4
1331 2829 1342 2872 ΙΙ
1362 2831 1418 2862 24.
1434 2828 1597 2873 Staguus
1618 2841 1641 2864 α
1659 2831 1671 2874 Η
1692 2833 1746 2864 32.
1764 2827 1863 2862 Stati
1876 2831 1913 2873 c}

158 2887 318 2923 astando
346 2900 370 2923 a
401 2890 412 2934 l}
445 2892 502 2923 33.
530 2887 680 2922 Stracta
705 2900 724 2924 c
746 2889 752 2933 }
773 2887 920 2922 munita
946 2899 995 2922 ac
1020 2908 1031 2933 Ἡ
1057 2890 1112 2922 35.
1141 2887 1337 2931 Stragulat
1362 2900 1381 2923 c
1405 2889 1416 2933 ΙΙ
1443 2893 1498 2924 36.
1525 2888 1690 2923 tumultu
1717 2901 1750 2923 a.
1796 2890 1917 2923 tumu-

158 2947 235 2982 lum
261 2960 279 2984 c
310 2950 321 2995 ΙΙ
353 2953 408 2984 37.
436 2947 548 2982 forcis
575 2960 593 2983 c
625 2949 636 2993 ΙΙ
668 2952 724 2983 38.
753 2946 998 2993 Sterquilinia
1023 2959 1056 2982 α.
1104 2947 1319 2993 Sterquinia
1345 2961 1363 2985 c
1395 2949 1400 2993 Ι
1435 2948 1674 2994 scopiliarum
1702 2959 1857 2982 aceruus
1883 2961 1916 2983 α.

159 3007 278 3052 sclopi
304 3018 409 3042 arma
435 3018 567 3042 ceruus
594 3019 613 3043 c
637 3008 648 3052 [Ι
674 3012 730 3043 39.
756 3007 937 3043 nobilitas
964 3019 1014 3042 ae
1038 3008 1049 3054 ᾗ]
1075 3012 1132 3044 40.
1160 3008 1315 3044 Stremit
1339 3022 1358 3045 c
1386 3013 1391 3054 Ι
1423 3012 1490 3044 aut
1515 3020 1580 3044 om.
1608 3021 1632 3043 (ι
1651 3010 1662 3053 ΙΙ
1687 3012 1743 3043 41.
1771 3020 1837 3044 om.
1864 3021 1883 3044 c
1907 3011 1917 3055 ſs

161 3071 217 3104 42.
245 3067 306 3103 uel
332 3080 398 3104 om.
427 3080 476 3104 ac
505 3070 509 3113 1
539 3068 824 3104 extenuationes
851 3081 884 3105 a.
920 3067 1197 3104 extinuationes
1224 3081 1243 3106 e
1271 3072 1282 3117 ΙΙ
1313 3074 1370 3106 43.
1399 3069 1575 3104 Sterilum
1602 3081 1621 3104 c
1648 3072 1652 3113 Ι
1681 3068 1800 3102 barba
1826 3081 1876 3104 ac
1910 3069 1914 3116 ί

160 3138 273 3172 capra
299 3139 317 3163 c
363 3131 367 3171 Ι
414 3127 516 3162 iocat
542 3139 586 3163 ea:
611 3127 714 3162 locat
739 3141 771 3165 α.
811 3129 955 3171 100111Χο
998 3131 1009 3173 ΙΙ
1053 3132 1108 3163 44.
1136 3129 1294 3165 catrices
1320 3142 1338 3165 c
1384 3133 1388 3176 Ι
1436 3141 1484 3164 an
1510 3142 1534 3164 (ι
1568 3131 1569 3172 l
1602 3133 1656 3163 46.
1685 3127 1831 3174 Styrpis
1859 3141 1883 3164 a
1907 3130 1918 3176 l}

159 3190 215 3223 48.
244 3178 404 3233 stipffe
428 3189 440 3235 Η
466 3192 523 3223 49.
549 3192 722 3224 secuntur
746 3190 789 3224 in
813 3201 849 3224 c:
877 3188 957 3223 Stix
984 3199 1140 3234 uorago,
1169 3189 1307 3225 Stricto
1333 3189 1497 3234 pugione
1524 3188 1726 3234 euaginato
1752 3189 1880 3234 gladio
1906 3191 1918 3237 Η
