2170 3522
592 161 803 198 GLOSSAE
831 160 1014 196 CODICIS
1042 159 1272 195 VATICANI
1297 163 1387 196 3321

73 292 81 303 τ
119 271 413 327 Concipulabo
447 273 670 314 concidam
703 271 952 313 minutatim

118 343 365 386 Conducere
398 343 596 398 expedire

119 414 441 470 Congerronem
474 415 787 470 conpopionem
821 417 864 456 et
894 430 969 456 nu-

175 487 377 541 gutorem

118 555 252 613 Coegi
284 557 440 613 collegi

83 639 99 664 5
117 628 535 686 Congermanescere
569 629 822 684 coniungier

116 700 398 744 Conlutiones
449 701 603 742 studiis
647 701 837 743 intentas
883 704 969 743 stu-

175 772 324 814 dentes
355 772 526 814 fabulas
558 772 802 814 nominauit

116 842 338 899 Compago
372 844 565 899 corporis
599 844 814 886 comisura

115 914 309 957 Concede
342 916 480 958 transi

115 986 408 1042 Conspicuum
430 988 635 1042 quicquid
659 988 774 1029 inter
800 990 968 1042 ceteros

173 1059 407 1101 denutatur
438 1060 506 1101 uel
539 1060 719 1115 pulcher

62 1142 94 1166 1⁰
114 1130 425 1173 Coercentibus
458 1131 794 1186 reprimentibus

113 1201 331 1244 Coturnus
365 1203 551 1257 superba
584 1203 725 1258 gloria

112 1272 302 1315 Coluber
333 1274 441 1316 abeo
476 1275 590 1329 quod
622 1275 728 1316 colit
760 1275 936 1317 umbras

113 1342 434 1399 Conparietinis
467 1346 696 1388 domestici

67 1436 90 1439 s*
111 1414 283 1471 Conpos
316 1417 535 1473 particeps
562 1433 740 1461 consors
772 1419 841 1460 uel
873 1434 965 1474 per-

169 1487 309 1530 fectus
341 1489 458 1531 uotis

58 1570 91 1595 15
111 1557 408 1603 Confidentiae
441 1562 643 1604 audaciae

111 1629 374 1687 Concrepuit
405 1633 569 1687 sonuit]

111 1700 286 1745 Cocitus
319 1704 479 1747 flumen
512 1708 617 1760 aput
648 1705 810 1747 inferos

111 1771 299 1817 Coluber
331 1791 506 1832 serpens
540 1777 618 1819 ofis
652 1791 777 1833 grece

208 1930 242 1974 1)
269 1931 356 1965 sunt
380 1931 465 1967 add.
491 1942 536 1966 m.
563 1933 589 1966 2
609 1931 621 1975 ΙΙ

1800 159 1855 200 41

1008 269 1197 325 Compos
1231 272 1379 325 optate
1406 269 1630 311 felicitatis
1658 270 1858 311 effectum

1068 344 1324 384 consecutus
1352 342 1580 383 adsecutus
1613 341 1682 382 nel
1716 340 1857 382 uictus

1008 414 1294 456 Commemini
1339 413 1558 455 reminisci
1608 413 1677 454 uel
1722 427 1859 454 recor-
1885 419 1951 449 30¹¹

1066 486 1165 527 (lare

1009 555 1246 598 Comitium
1296 556 1416 598 locus
1460 556 1535 598 ubi

1066 643 1193 670 nores

1008 698 1196 741 Comitio
1232 702 1427 754 tempora
1452 699 1666 741 honorum
1689 701 1858 754 quando

1067 772 1224 812 dantur
1256 773 1322 812 set
1354 771 1427 812 ubi
1461 771 1603 826 sunt-12)
1638 771 1799 813 milites

1580 556 1736 598 dantur
1786 556 1858 598 ho-
1879 566 1911 590 21

1008 842 1296 885 Contraxerat
1329 846 1671 898 congregauerat

1007 913 1278 969 Confragosa
1310 929 1463 969 aspera

1007 985 1250 1028 Contumax
1272 1000 1483 1040 supernus
1499 986 1567 1027 uel
1583 989 1859 1041 contemptor
1881 996 1913 1019 2⁵

1007 1056 1293 1100 Contumacia
1325 1057 1472 1113 grauis
1506 1057 1707 1112 superuia

1007 1128 1263 1172 Comesator
1295 1130 1412 1185 guile¹
1446 1132 1521 1171 aut
1551 1128 1694 1170 uentri
1727 1128 1859 1170 inmo-

1065 1201 1211 1256 derate
1244 1200 1414 1243 deditus

1006 1273 1335 1316 Comesationes
1369 1272 1657 1314 acomedendo
1691 1271 1798 1313 satis

1006 1344 1323 1388 Comisationes
1380 1344 1602 1385 luxuriosa
1659 1343 1859 1385 connibia

1065 1432 1162 1459 cum
1195 1416 1498 1459 meretricibus
1532 1415 1668 1457 mixta

1005 1489 1255 1532 Comisatur
1287 1488 1476 1544 turpiter
1509 1485 1768 1530 conuibatu‘r
1876 1497 1910 1520 2³0

1004 1560 1333 1616 Conprecantur
1366 1562 1521 1615 optant

1004 1633 1223 1676 Comitate
1255 1631 1528 1687 benignitate
1560 1631 1834 1673 humanitate

1002 1705 1328 1749 Conlacrimant
1359 1703 1465 1745 fient
1499 1718 1596 1746 cum
1628 1703 1757 1744 flente

1002 1777 1244 1821 Constituit
1276 1776 1405 1818 simul
1439 1790 1535 1817 cum
1561 1774 1638 1816 illo
1664 1774 1859 1815 instituit

208 2077 236 2109 1.
265 2072 507 2119 Concipilabo
534 2086 557 2109 a
575 2075 587 2118 ΙΙ
606 2078 638 2108 2.
659 2074 822 2119 sequitur
847 2075 888 2108 in
907 2086 950 2109 a:
977 2073 1230 2108 Consarreatis
1255 2073 1398 2119 nuptiis
1424 2073 1554 2108 multis
1580 2072 1700 2108 modis
1726 2072 1857 2118 nuptie

110 2132 203 2167 fiunt
240 2144 310 2167 usu
343 2132 375 2167 si
406 2144 503 2168 anno
535 2132 641 2168 uerbi
673 2132 798 2177 gratia
831 2145 915 2168 cum
947 2132 1026 2168 niro
1058 2133 1148 2168 licet
1181 2133 1260 2168 sine
1291 2133 1472 2178 legitimis
1514 2132 1857 2178 sollempnitatibus

108 2191 214 2227 fieret
245 2192 519 2238 coemptionem
553 2193 615 2227 uel
646 2204 826 2227 manuum
858 2192 1144 2228 conuentionem
1176 2204 1260 2227 cum
1291 2192 1330 2227 in
1362 2193 1436 2228 filie
1468 2193 1591 2228 locum
1629 2191 1787 2226 maritus
1819 2191 1858 2225 in

107 2250 228 2296 patris
261 2252 366 2286 uenit
397 2253 439 2287 ut
471 2251 502 2286 si
535 2252 618 2296 quis
653 2251 754 2297 prior
786 2251 901 2286 fuerit
935 2251 1135 2287 defunctus
1168 2252 1290 2287 locum
1321 2253 1544 2289 hereditatis
1575 2252 1716 2287 iustum
1748 2250 1858 2286 alteri

107 2310 226 2345 faciat
249 2310 364 2346 fratre
390 2323 474 2347 cum
498 2323 565 2357 per
589 2311 806 2357 pontificem
837 2311 1043 2347 maximum
1070 2311 1192 2347 ediale
1218 2312 1407 2348 flaminem
1433 2312 1628 2358 perfruges
1655 2313 1694 2347 et
1718 2311 1857 2346 molam

109 2369 249 2404 salsam
275 2369 551 2416 coniunguntur
577 2382 621 2406 ex
648 2370 783 2416 quibus
809 2371 952 2416 nuptiis
979 2371 1132 2416 patrimi
1159 2374 1196 2407 et
1221 2372 1386 2407 matrimi
1411 2374 1616 2407 nascuntur
1653 2374 1664 2418 ΙΙ
1702 2377 1734 2406 3.
1763 2370 1854 2406 Con-

109 2431 295 2464 terronem
320 2442 344 2465 a
366 2434 369 2474 Ι
393 2429 587 2475 cepionem
613 2443 636 2465 α
659 2432 663 2475 Ι
685 2432 909 2476 nugatorem
935 2443 958 2466 a
983 2433 994 2477 ΙΙ
1021 2436 1051 2467 6.
1080 2431 1242 2466 famulas
1267 2445 1290 2467 a
1314 2437 1317 2474 Ι
1343 2438 1373 2467 7.
1402 2432 1606 2467 comissura
1631 2444 1655 2467 α
1674 2432 1685 2476 ΙΙ
1705 2435 1736 2467 8.
1764 2430 1856 2466 Con-

109 2489 218 2523 cedet
242 2489 380 2524 transit
405 2502 429 2525 a
459 2492 470 2534 ΙΙ
503 2494 534 2525 9.
563 2482 704 2526 cetensis
732 2503 754 2526 α
789 2493 793 2535 Ι
829 2490 1029 2525 denotatur
1055 2504 1078 2526 a
1113 2493 1116 2536 Ι
1151 2491 1279 2536 pulcer
1305 2505 1328 2528 α
1352 2494 1363 2537 ΙΙ
1398 2496 1452 2527 10.
1480 2490 1771 2526 Cohercentibus
1797 2503 1821 2525 a
1848 2530 1855 2535 „

111 2552 165 2583 11.
187 2547 375 2584 Cotumux
401 2554 485 2586 ante
504 2561 594 2585 corr.
616 2562 639 2584 a
658 2551 669 2595 ΙΙ
692 2554 744 2585 13.
767 2549 1023 2595 Conparietini
1042 2564 1065 2586 a
1083 2553 1095 2597 ΙΙ
1117 2556 1170 2587 14.
1192 2551 1382 2596 particebs
1403 2564 1427 2587 a
1449 2552 1453 2599 Ι
1475 2551 1662 2597 perfector
1682 2549 1784 2585 uocis
1804 2563 1828 2585 a
1846 2550 1857 2595 ΙΙ

110 2612 164 2642 15.
186 2607 420 2643 Confidentia
446 2608 606 2643 audacia
632 2621 656 2644 a
673 2612 685 2655 ΙΙ
707 2613 761 2645 17.
782 2609 964 2645 Cocuetus
985 2623 1003 2646 c
1025 2613 1029 2656 Ι
1053 2612 1152 2656 apud
1183 2624 1202 2647 c
1220 2614 1231 2655 ΙΙ
1252 2615 1306 2647 18.
1328 2623 1393 2647 om.
1417 2612 1495 2647 bcd
1516 2614 1521 2656 Ι
1545 2622 1696 2657 serpens
1717 2623 1782 2647 om.
1804 2624 1827 2646 a
1851 2611 1854 2655 Ι

108 2667 217 2712 ophis
243 2679 394 2713 grecum
421 2670 478 2703 est
503 2681 527 2703 a
545 2669 556 2714 ΙΙ
578 2673 630 2705 19.
653 2669 782 2704 obtate
808 2670 867 2705 ccl.
902 2671 1033 2715 optare
1059 2683 1082 2706 a
1104 2673 1108 2716 Ι
1132 2670 1267 2705 effectu
1292 2683 1316 2706 α
1338 2672 1342 2716 Ι
1366 2673 1565 2716 conseqtus
1585 2683 1609 2705 α
1630 2672 1635 2716 Ι
1658 2669 1697 2704 id
1724 2671 1780 2704 est
1802 2681 1856 2704 se-

108 2728 215 2762 cutus
236 2739 264 2763 c.
292 2727 512 2772 adsequitur
525 2740 549 2762 α
570 2730 575 2773 Ι
599 2739 663 2762 seu
677 2741 699 2764 a
721 2729 727 2774 Ι
749 2728 870 2764 uictor
889 2730 1000 2765 abed
1022 2732 1026 2775 Ι
1048 2735 1219 2766 secuntur
1238 2732 1279 2766 in
1299 2744 1338 2766 a:
1359 2730 1542 2776 Cornipex
1562 2742 1689 2774 eqrum,
1712 2729 1857 2774 Coapor

107 2786 323 2832 negotiator
341 2787 402 2822 uel
415 2787 668 2822 tabernarius:
690 2790 774 2824 item
787 2791 829 2824 in
841 2790 908 2834 cd,
924 2791 999 2825 nisi
1018 2792 1113 2836 quod
1129 2790 1293 2836 Com'pex
1313 2802 1429 2835 equus
1444 2792 1485 2835 cl,
1507 2789 1635 2835 Colipo
1650 2801 1686 2834 c,
1706 2789 1805 2834 Copo
1821 2790 1857 2833 d,

108 2845 325 2891 negociator
350 2859 380 2891 c,
406 2847 467 2882 uel
492 2847 726 2883 tabernarius
753 2861 819 2884 om.
841 2850 891 2884 ccl
909 2850 920 2894 ΙΙ
942 2853 996 2885 21.
1025 2854 1079 2885 22.
1106 2851 1290 2886 contrahit
1315 2863 1339 2886 α
1363 2851 1481 2886 verbis
1506 2850 1609 2899 locus
1630 2870 1673 2874 —
1695 2848 1855 2884 Comitio

107 2907 249 2942 omissis
270 2907 275 2951 Ι
298 2905 459 2941 Comitia
484 2907 534 2942 cd
555 2909 560 2952 Ι
583 2907 694 2942 datur
719 2920 738 2944 c
756 2909 767 2953 ΙΙ
789 2913 842 2943 23.
870 2920 936 2944 om.
958 2910 1037 2945 bed
1055 2912 1066 2953 ΙΙ
1086 2914 1142 2945 ⁶25.
1164 2911 1398 2955 contemptor
1424 2909 1485 2944 uel
1503 2910 1586 2952 (aut
1605 2909 1638 2943 cl.
1667 2909 1856 2953 contemp-

108 2967 230 3001 torum
255 2968 289 3010 c)
318 2966 499 3011 superbus
525 2968 612 3003 aed
637 2970 647 3011 ΙΙ
674 2971 729 3004 26.
757 2967 996 3003 Contumatia
1021 2981 1040 3005 c
1067 2973 1071 3014 Ι
1101 2969 1277 3014 superbia
1302 2971 1383 3005 (cccl
1414 2971 1425 3014 ΙΙ
1457 2973 1512 3004 27.
1539 2968 1776 3003 Comesatum
1802 2980 1820 3003 c
1849 2969 1851 3012 Ι

108 3024 194 3073 gule
221 3037 254 3061 α.
299 3025 436 3073 guslſjle
462 3038 480 3062 c
508 3029 512 3071 Ι
541 3037 584 3061 ac
609 3039 659 3063 ac
686 3030 691 3072 Ι
720 3027 862 3062 uentris
888 3040 912 3062 a
943 3030 954 3071 ΙΙ
985 3032 1040 3064 28.
1066 3029 1258 3064 luxuriosa
1284 3030 1368 3065 add.
1390 3041 1413 3064 (ι
1450 3031 1462 3072 ΙΙ
1499 3032 1554 3063 29.
1584 3026 1854 3062 Comisationes

109 3083 299 3128 luxuriosa
324 3096 390 3121 01η.
412 3098 435 3121 α
456 3088 461 3130 Ι
485 3086 658 3121 conuiuia
683 3088 793 3123 abed
818 3089 830 3132 ΙΙ
855 3092 910 3123 30.
938 3087 1175 3124 Comessatur
1199 3101 1226 3125 c.
1271 3088 1492 3124 Comes-atur
1517 3100 1541 3122 a
1567 3091 1571 3132 Ι
1607 3086 1771 3132 turpitur
1796 3099 1820 3123 α
1848 3088 1851 3134 Ι

112 3143 337 3180 conuiuatur
361 3147 411 3182 cd
433 3148 437 3191 Ι
461 3150 517 3182 31.
538 3145 755 3194 Conpecart'
776 3160 794 3185 c
816 3150 821 3192 Ι
844 3147 979 3183 obtant
1003 3150 1053 3186 cd
1077 3150 1089 3194 ΙΙ
1114 3154 1169 3186 33.
1197 3161 1262 3186 om.
1290 3161 1313 3185 a
1337 3150 1349 3195 ΙΙ
1376 3152 1433 3184 34.
1459 3146 1638 3184 Costituit
1661 3158 1680 3183 c
1698 3149 1710 3194 ΙΙ
