2170 3522
101 268 376 324 Quemquam
410 270 524 325 quod
557 284 690 325 supra

101 339 326 395 Quemque
361 355 678 396 quemcumque

100 402 359 468 Quempiam
393 427 709 467 quemcumque

101 483 344 533 Quemnam
377 484 669 540 interrogatio
697 485 747 526 de
775 500 962 540 persona

63 567 79 592 5
99 554 418 605 Quaeremonia
454 556 648 610 querella
681 559 756 598 aut
791 556 962 611 questio

99 626 443 677 Quaeremoniae
478 628 694 683 quaerelle
728 642 886 684 graues

99 697 441 748 Quaeremoniae
475 700 693 755 quaerelle

101 771 332 821 Quaerella
365 772 594 827 questibus
627 772 696 813 uel
732 772 895 814 clamor

101 843 363 893 Questiones
396 843 706 898 inquisitiones

47 928 79 953 ιο
100 913 342 964 Quaerolus
373 915 579 971 frequens
612 915 656 957 in
691 916 884 971 querella

100 986 342 1036 Quaerolus
376 988 577 1043 garrolus
611 987 902 1030 calumniatur

99 1057 287 1108 Questus
321 1060 442 1102 lucra
475 1063 550 1101 aut
585 1060 806 1115 quaerella

99 1130 288 1180 Questus
322 1134 390 1174 est
423 1132 649 1174 accusauit

98 1202 279 1252 Questio
313 1204 579 1246 examinatio

47 1288 79 1313 15
99 1273 387 1324 Questuarius
441 1277 514 1331 qui
561 1279 719 1331 questu
766 1276 961 1332 corporis

158 1347 272 1389 uiuit

101 1419 290 1469 Questor
324 1421 534 1462 consilius
570 1421 643 1476 qui
676 1421 861 1476 pecunia
890 1437 961 1476 pu-

159 1492 276 1534 blica
308 1495 438 1548 rogat

99 1563 346 1614 Questuosa
379 1565 499 1607 lucra

99 1635 311 1686 Questum
345 1637 515 1679 lucrum
548 1638 816 1693 adquisitum

102 1709 297 1759 Quaeror
329 1709 511 1751 iniurias
546 1725 664 1752 meas
700 1711 841 1753 iudico

46 1793 80 1818 20
101 1781 344 1831 Quaerente
378 1781 680 1837 interrogante

102 1854 339 1904 Quaerenti
372 1853 665 1910 interroganti

101 1926 272 1976 Quaeso
307 1940 415 1982 rogo

102 1998 338 2048 Quaeritur
370 1998 554 2040 musitat
588 2004 833 2042 murmurat

102 2070 221 2121 Quae
255 2071 398 2112 sentia
431 2086 516 2125 quo
551 2071 734 2113 consilio

46 2153 80 2179 25
102 2142 294 2193 Quercus
329 2157 466 2199 genus
499 2143 607 2200 ligni

101 2215 310 2271 Quisquis
346 2216 607 2272 quicumque

101 2286 362 2343 <Quispiam
399 2288 674 2344 quicunque>

101 2359 385 2416 Quibusquae
420 2361 692 2416 quibusquae

102 2431 262 2482 Quidni
295 2432 378 2475 1100
411 2433 553 2490 magis
586 2434 669 2476 hoc
703 2433 850 2489 potius

47 2516 82 2541 30
101 2502 316 2554 Quiddam
349 2505 569 2548 modicum
602 2506 768 2561 aliquid

102 2575 367 2632 <Quippiam
399 2577 594 2633 aliquid>

104 2647 345 2704 Quisquam
378 2649 492 2691 ullus
525 2650 684 2705 aliquis

102 2718 269 2770 Quidue
302 2721 372 2763 uel
406 2722 510 2776 quid

103 2791 187 2842 Qui
219 2792 386 2834 deferet
419 2793 522 2849 quid
551 2794 738 2837 interest
763 2795 833 2837 uel
862 2796 964 2852 quid

163 2865 290 2906 obest

751 161 967 197 GLOSSAE
994 161 1213 196 AFFATIM
1777 165 1864 205 559

1004 270 1133 320 Quies
1167 286 1252 326 pax
1285 271 1507 313 silentium

1004 342 1251 398 Quigneum
1285 343 1434 384 album

1004 412 1118 463 Quin
1144 414 1278 456 immo
1304 415 1373 456 uel
1396 415 1463 456 sin
1485 415 1600 470 quod
1623 415 1724 470 quia
1744 431 1864 470 prae-

1061 488 1182 527 terea
1213 486 1362 540 potius
1396 487 1536 542 inagis
1571 502 1619 528 ac
1653 488 1794 543 magis

1003 556 1119 606 Quin
1152 557 1285 598 etiam
1317 558 1497 612 insuper
1529 559 1598 600 1101
1634 560 1775 615 magis

1001 627 1115 677 Quin
1166 628 1400 683 aliquando
1453 630 1674 685 significat
1731 632 1864 673 etiam

1061 714 1165 755 ergo
1201 701 1316 755 quod
1345 701 1448 755 quia
1480 701 1616 744 imino
1650 707 1726 745 aut
1759 720 1863 746 11010

1001 770 1112 821 Quia
1147 773 1261 827 quod
1883 785 1918 809 40

1003 844 1176 893 Quinici
1209 845 1475 900 phylosophi
1510 850 1611 888 sunt
1645 851 1720 889 aut
1751 850 1864 891 cani-

1061 916 1142 957 bus
1194 916 1289 958 uita
1341 917 1542 960 decentes
1599 919 1864 976 phylosophi

1062 988 1177 1029 enim
1212 1002 1338 1044 grece
1372 1005 1499 1032 canes
1534 991 1737 1033 dicuntur

1002 1059 1287 1109 Quibradoris
1321 1077 1345 1102 a
1379 1063 1536 1116 quibus
1569 1063 1730 1105 finibus

1003 1131 1115 1181 Quid
1150 1147 1235 1187 qua
1268 1148 1313 1175 re

1002 1202 1171 1259 Quippe
1193 1206 1380 1248 maxime
1403 1210 1519 1248 certe
1541 1208 1749 1250 nimirum
1771 1210 1863 1251 sine
1890 1213 1952 1243 45r

1062 1276 1194 1318 dubio

1003 1348 1174 1403 Quippe
1208 1350 1426 1392 modicum
1886 1361 1920 1386 45

1003 1419 1186 1469 Quiritis
1226 1423 1395 1463 romani
1429 1423 1541 1465 unde
1575 1425 1773 1479 quirialis
1807 1427 1866 1467 di-

1063 1493 1177 1535 citur
1211 1509 1336 1536 mons
1371 1495 1582 1550 septimus
1617 1512 1765 1539 romae

1003 1565 1210 1614 Quirinus
1244 1567 1439 1609 romulus

1004 1637 1242 1687 Quiritium
1277 1654 1559 1681 romanorum

1005 1710 1209 1760 Quiratat
1265 1712 1436 1766 quaerit
1487 1716 1563 1754 aut
1614 1713 1866 1768 frequenter

1064 1785 1244 1838 quaeret

1003 1854 1212 1904 Quintilis
1241 1856 1403 1898 mensis
1436 1856 1568 1899 iulius
1889 1866 1921 1891 ⁵0

1003 1927 1227 1983 <Quisque
1262 1929 1536 1984 quicunque>

1005 1999 1113 2049 Quis
1148 2003 1338 2055 quantus
1374 2016 1504 2055 quam
1538 2017 1722 2057 magnus

1003 2070 1215 2121 Quisnam
1249 2072 1384 2128 aliqui

1004 2143 1273 2200 Quisquilias
1302 2150 1601 2201 pugnamenta
1629 2148 1866 2191 corticibus

1062 2231 1295 2272 pomorum

1003 2287 1272 2344 Quisquilias
1305 2290 1471 2346 palleas
1505 2292 1573 2333 uel
1608 2292 1797 2335 crientas
1885 2299 1919 2324 55

1003 2359 1156 2410 Quieui
1190 2362 1316 2417 potui

1005 2433 1183 2484 Quieuit
1215 2435 1363 2490 potuit

1003 2504 1285 2555 Quaeuerunt
1316 2510 1555 2563 potuerunt

1006 2578 1220 2628 Quocirca
1259 2582 1526 2635 quapropter
1559 2583 1635 2622 aut
1667 2596 1746 2636 pro
1781 2597 1866 2637 qua

1063 2666 1108 2693 re
1141 2651 1211 2693 uel
1245 2651 1342 2693 ideo

1004 2722 1099 2773 Quo
1133 2723 1308 2765 nomine
1343 2738 1428 2779 qua
1461 2725 1690 2767 maiestate
1886 2732 1919 2756 ⁰0

1004 2793 1184 2850 Quoque
1218 2795 1357 2838 denuo
1392 2799 1468 2838 aut
1500 2797 1543 2838 id
1575 2797 1720 2853 ipsum

1004 2867 1155 2917 Quoue
1190 2868 1331 2923 magis
1365 2868 1435 2910 uel
1469 2882 1554 2923 quo
1589 2869 1802 2912 maximae

199 2982 678 3030 30111.οῃ5.(111101111101111
693 2985 712 3020 b
728 2986 730 3028 J
746 2984 966 3030 conquestio
981 2986 1033 3021 ab
1044 2985 1055 3033 j]
1067 2985 1234 3031 egi-auis
1249 2986 1300 3021 ab
1311 3003 1322 3027 η
1337 2990 1390 3022 10.
1401 2985 1609 3028 Quaerulus
1625 2987 1644 3022 b
1656 2987 1665 3034 gl
1680 2987 1865 3030 11.Quae-

103 3041 206 3077 rnlus
233 3043 252 3078 b
275 3046 279 3087 Ι
303 3042 556 3078 calumniator
581 3045 600 3079 b
620 3046 631 3089 Η
651 3048 707 3080 21.
736 3056 802 3080 om.
831 3058 854 3080 a
873 3047 884 3090 ΙΙ
905 3049 961 3080 24.
990 3045 1179 3081 sententia
1205 3047 1257 3081 ab
1277 3048 1288 3092 ΙΙ
1308 3050 1365 3082 27.
1386 3049 1443 3081 31.
1466 3058 1532 3082 om.
1554 3060 1577 3082 α
1596 3048 1607 3092 ΙΙ
1627 3050 1683 3082 28.
1711 3047 1863 3092 quibus—

103 3113 249 3147 cunque
263 3104 283 3139 b
303 3105 314 3149 ΙΙ
335 3108 390 3139 42.
405 3102 548 3146 Quibus
563 3104 610 3138 ab
626 3104 699 3139 oris
715 3105 734 3139 b
754 3107 765 3150 1}
786 3109 841 3140 46.
856 3104 1020 3147 Quirites
1035 3107 1055 3141 b
1075 3109 1086 3153 ΙΙ
1106 3110 1164 3142 49.
1176 3105 1343 3149 Quiritat
1356 3107 1376 3141 b
1399 3108 1404 3151 Ι
1427 3106 1642 3152 frequenter
1655 3108 1805 3153 quaerit
1819 3110 1838 3144 b
1854 3109 1864 3156 11

105 3166 160 3198 51.
187 3174 254 3199 om.
281 3175 305 3199 a
323 3165 335 3209 ΙΙ
355 3166 411 3199 54.
436 3165 662 3209 puramenta
688 3165 708 3200 b
727 3166 739 3210 ΙΙ
759 3169 815 3200 56.
843 3164 955 3207 Quiui
981 3166 1001 3201 b
1021 3168 1032 3212 ΙΙ
1053 3170 1107 3202 57.
1137 3165 1269 3209 Quiuit
1293 3167 1314 3201 b
1333 3167 1345 3212 ΙΙ
1366 3170 1409 3203 58
1449 3166 1681 3209 Quieuerunt
1706 3170 1758 3204 ab
1778 3171 1789 3216 ΙΙ
