2170 3522
195 510 256 540 161·

245 728 261 752 5

227 1158 259 1181 10

186 1872 249 1902 16¹¹

224 1948 255 1971 21

284 179 371 220 210
704 175 914 211 GLOSSAE
941 175 1124 211 CODICIS
1152 176 1510 212 SANGALLENSIS
1537 182 1604 213 912

284 287 482 329 Bachum
507 287 656 328 uinum
683 300 760 340 pro
789 300 838 326 eo
868 285 968 340 quia
988 285 1133 326 inuen-

343 362 412 401 tus
446 361 512 400 est

283 431 422 472 Bacht
455 430 669 471 sacrificat

282 502 416 543 Bachi
451 501 618 554 antiqui

282 574 491 615 Bacatum
514 571 697 627 gemmis
720 574 919 613 ornatum
940 572 984 612 in
1006 572 1132 613 modo

340 645 545 686 bacarum

280 716 524 757 Bacchatur
557 715 759 757 discurrit

280 787 401 829 Batis
434 801 592 829 nomen
625 786 836 841 serpentis

277 859 413 900 Batus
448 857 599 900 anfora

278 931 472 973 Bacchar
504 930 623 972 floris
657 945 792 986 genus

277 1002 490 1044 Baccanal
538 1002 652 1056 quod
689 1002 872 1057 paganis
913 1003 1154 1057 agrarium-

336 1074 485 1115 11110118
517 1073 654 1128 patris
688 1073 889 1115 dicebant

278 1146 466 1188 Bacerus
498 1146 604 1187 baro
637 1145 778 1187 factus

279 1217 481 1273 Baligera
515 1217 650 1259 stulta
681 1218 750 1259 uel
784 1217 920 1259 bruda

277 1288 538 1331 Baccanalia
568 1289 809 1331 uacationis
841 1289 958 1331 fures

277 1361 415 1403 Bacce
448 1375 584 1417 genus
617 1361 845 1402 mulierum

276 1432 450 1474 Baubat
481 1433 616 1474 latrat

243 1516 258 1540 ῖι
278 1504 521 1559 Bacapulus
542 1504 586 1545 in
608 1519 692 1560 quo
714 1505 874 1546 mortui
896 1505 1132 1547 efferuntur

276 1576 435 1618 Bassas
469 1591 572 1617 oues

276 1648 438 1689 Basum
469 1662 557 1689 non
589 1649 726 1689 altum

277 1720 474 1761 Basileus
507 1735 581 1761 rex

276 1792 449 1833 Basilea
482 1791 631 1847 regina

276 1863 466 1905 Basilica
497 1863 648 1919 regula

277 1935 490 1977 Basilicus
523 1935 700 1990 regolus

275 2006 403 2047 Babil
436 2006 630 2048 confusio

276 2077 442 2120 Bardus
475 2078 635 2119 stultus

276 2150 494 2206 Babigera
525 2150 660 2191 stulta

225 2234 258 2258 ρι’)
278 2222 465 2277 Bargine
497 2222 723 2277 peregrine

276 2293 427 2335 Blasto
461 2293 748 2335 cuuicularius

277 2363 516 2406 Baccilatix
548 2364 697 2406 uinum

276 2435 512 2477 Bacchatio
545 2436 755 2478 discursio
787 2436 908 2479 furor

371 2629 403 2659 2.
430 2624 573 2658 Bachat
598 2626 707 2660 abed
743 2628 755 2670 ΙΙ
792 2629 822 2660 7.
850 2625 1030 2670 amphora
1055 2629 1107 2663 ab
1139 2631 1151 2673 ΙΙ

1171 286 1336 328 Baxem
1369 302 1474 342 quas
1507 287 1724 329 buccellas
1757 287 1906 330 dicunt

1171 357 1405 400 Baratrum
1425 358 1659 415 gurgugite
1679 359 1807 401 fouea
1824 359 1894 401 1101
1911 362 2024 414 terre
2044 371 2078 398 30

1230 429 1378 472 hiatus

1172 501 1387 544 Basilicus
1421 517 1596 558 serpens

1170 573 1377 616 Balantes
1412 587 1514 617 oues

1171 645 1449 687 Babtismum
1481 647 1703 689 lauacrum

1171 716 1378 759 Bai-bitus
1420 718 1512 772 lyra
1545 718 1683 760 maior
1715 733 1846 760 sonus
1879 721 1928 760 ut
1960 733 2025 761 01·-

1230 803 1392 844 ganum

1169 859 1378 915 Bantride
1411 876 1566 903 uaccae
2043 873 2077 898 35

1169 932 1361 974 Barduni
1392 933 1647 988 neptuniani

1171 1003 1538 1046 Barbarostomus
1577 1005 1708 1046 homo
1754 1005 1827 1059 qui
1872 1005 2023 1047 barba-

1230 1076 1376 1118 rismis
1408 1077 1582 1131 plenam
1614 1075 1781 1131 profert
1813 1077 1946 1118 uerba

1170 1147 1330 1189 Baltha
1362 1148 1502 1190 audax
1534 1148 1708 1204 gothice

1170 1219 1333 1262 Barcus
1365 1220 1515 1262 tardus
1549 1220 1640 1262 sine
1672 1219 1823 1275 lingua

1168 1291 1375 1333 Bal-riton
1407 1306 1543 1348 genus
1577 1291 1730 1347 organi
2040 1303 2075 1327 4⁰

1168 1363 1402 1406 Barnicum
1435 1363 1637 1406 aelefanti
1669 1378 1754 1405 uox
2049 1370 2109 1401 17¹·

1169 1435 1339 1477 Balista
1377 1450 1513 1491 genus
1555 1435 1778 1477 machinae
1811 1435 1922 1476 uncle
1955 1450 2022 1476 ex*-

1231 1507 1456 1549 cutiuntur
1488 1507 1648 1563 sagitte

1168 1578 1420 1621 Bassarides
1452 1594 1608 1622 uaccae

1168 1650 1277 1692 Beat
1309 1651 1487 1692 beatum
1518 1651 1624 1693 facit

1167 1721 1314 1763 Beabo
1346 1722 1524 1771 beatum
1555 1722 1688 1764 faciat
2038 1738 2074 1764 45

1167 1793 1357 1835 Bariona
1388 1794 1504 1836 filius
1538 1794 1735 1848 colombe

1165 1865 1500 1907 Bartholomeus
1545 1866 1660 1907 filius
1711 1866 2019 1921 suspendentes

1226 1952 1359 1993 aquas

1166 2008 1374 2051 Brauium
1406 2010 1552 2064 palma
1582 2009 1626 2050 id
1658 2011 1724 2050 est
1756 2023 1907 2050 manus
1932 2008 2020 2051 uic-

1225 2082 1362 2123 toriae

1166 2153 1353 2195 Bracata
1385 2154 1558 2209 galeata

1165 2224 1386 2266 Brabeuta
1419 2225 1491 2280 qui
1523 2225 1691 2279 palmas
1723 2224 1798 2265 dat
2038 2240 2073 2265 50

1164 2295 1274 2337 Blax
1307 2296 1467 2338 stultus
1500 2296 1710 2351 insipiens

1163 2367 1332 2409 Blattet
1363 2368 1603 2423 110181011110
1636 2367 1831 2423 loquitur

1161 2438 1344 2495 Blapere
1370 2439 1531 2495 stopite
1557 2442 1601 2481 01
1627 2439 1720 2481 sine
1740 2453 1870 2480 causa
1894 2437 2014 2493 loqui

1183 2632 1214 2664 9.
1240 2627 1381 2673 pagani
1407 2628 1609 2663 sacrarium
1636 2629 1720 2664 abd
1753 2628 1759 2672 Ι
1792 2625 1902 2662 1111011
1926 2627 1978 2662 ab
2003 2628 2015 2674 ΙΙ

278 2688 331 2718 11.
359 2683 545 2728 Babigera
571 2696 588 2719 c
629 2686 641 2730 ΙΙ
688 2689 739 2720 12.
766 2684 1010 2720 l.›achati0ncs
1037 2688 1069 2722 (ἶΔ
1109 2687 1326 2723 uocationes
1351 2689 1403 2723 ab
1438 2690 1443 2733 Ι
1476 2688 1617 2723 furores
1643 2689 1668 2723 d
1710 2689 1722 2732 ΙΙ
1767 2690 1821 2722 16.
1852 2685 2011 2732 pingues

276 2754 364 2777 01108
396 2744 447 2778 αῖ)
483 2745 495 2788 ΙΙ
535 2747 587 2778 17.
614 2744 771 2777 Bassum
798 2745 881 2780 abd
916 2746 928 2790 ΙΙ
966 2750 1020 2782 20.
1047 2747 1184 2791 regalis
1218 2749 1269 2783 ab
1306 2749 1318 2792 {J
1355 2751 1410 2782 21.
1437 2747 1640 2782 Basiliscus
1666 2747 1690 2782 d
1717 2749 1722 2790 1
1750 2745 1901 2790 regulus
1926 2746 1978 2781 ab
2005 2747 2013 2791 j}

277 2807 331 2838 22.
360 2802 477 2837 Babel
502 2804 526 2838 cl
563 2805 574 2848 ΙΙ
611 2807 667 2838 23.
694 2803 945 2847 longobardus
972 2807 1120 2852 interpr.
1148 2809 1199 2842 ab
1231 2810 1243 2853 ΙΙ
1273 2811 1329 2842 26.
1358 2806 1607 2841 cubicularius
1634 2807 1743 2841 abed
1773 2807 1785 2850 ΙΙ
1816 2808 1872 2840 27.
1899 2803 2017 2839 Bachi

277 2862 377 2896 latex
403 2863 427 2897 d
457 2862 469 2906 11
501 2866 555 2896 30.
582 2861 770 2905 gurgitem
796 2862 943 2898 foueam
970 2877 988 2899 c
1013 2867 1024 2911 ΙΙ
1050 2870 1105 2901 31.
1132 2865 1336 2900 Basiliscus
1364 2877 1515 2911 serpens
1542 2865 1606 2910 qui
1631 2865 1722 2899 flatu
1750 2875 1815 2898 suo
1841 2862 2017 2898 uniuersa

278 2933 348 2968 que,
374 2920 544 2965 tetigerit
569 2921 644 2956 urit
669 2923 720 2956 ab
751 2923 762 2966 [Ι
794 2926 846 2957 32.
877 2922 1048 2959 bidentes
1075 2936 1162 2960 oues
1189 2927 1241 2961 ab
1272 2927 1284 2970 ΙΙ
1314 2929 1370 2960 33.
1397 2925 1633 2970 Baptismum
1657 2924 1742 2959 abd
1772 2926 1784 2968 ΙΙ
1815 2927 1872 2959 34.
1897 2921 2017 2957 maior

277 2992 348 3027 quq
369 2992 499 3015 sonum
525 2981 656 3024 organi
683 2980 823 3015 emittit
848 2994 869 3016 a
879 2983 899 3017 b
924 2985 936 3028 ΙΙ
961 2986 1016 3018 35.
1043 2984 1224 3032 131111111110
1250 2997 1284 3020 α.
1323 2984 1503 3019 Bathride
1531 2986 1550 3019 b
1574 2987 1579 3029 Ι
1601 2984 1715 3030 hacce
1740 2983 1793 3018 ab
1813 2983 1824 3028 ΙΙ
1843 2986 1900 3018 36.
1926 2982 2016 3016 Bar-

278 3039 378 3073 ‹lumi
406 3052 429 3074 a
457 3042 468 3084 ΙΙ
497 3043 552 3074 37.
579 3040 691 3084 plena
716 3041 793 3075 abc
824 3041 835 3085 ΙΙ
867 3045 922 3076 41.
949 3041 1118 3077 Barritus
1145 3044 1164 3077 b
1199 3045 1203 3088 Ι
1238 3043 1413 3078 elefantis
1439 3056 1473 3079 α.
1513 3041 1723 3088 elephantis
1750 3042 1770 3076 b
1799 3043 1811 3086 ΙΙ
1839 3045 1895 3077 43.
1921 3041 2015 3076 mul-

279 3098 397 3132 &arian
423 3100 510 3134 aad.
535 3101 586 3133 ab
616 3100 627 3144 ΙΙ
658 3103 715 3133 45.
741 3098 876 3133 faciam
903 3111 922 3134 c
952 3103 963 3145 ΙΙ
995 3105 1049 3136 48.
1078 3102 1255 3136 Brabium
1282 3104 1302 3138 b
1332 3104 1344 3147 ΙΙ
1376 3106 1430 3138 52.
1459 3101 1675 3147 pei-stupide
1700 3101 1753 3136 ab
1781 3101 1793 3145 ΙΙ
1822 3104 1878 3135 53.
1907 3100 2016 3145 Blap—

279 3169 363 3201 pere
390 3159 440 3191 ab
463 3160 468 3203 1
492 3157 639 3202 stupide
666 3171 686 3193 a
700 3160 719 3192 b
738 3161 750 3203 11
