2170 3522
98 1235 130 1260 10

54 1591 123 1623 81¹1

95 1667 128 1694 15

97 2029 130 2054 20

95 2462 129 2488 25

578 176 792 213 GLOSSAE
819 176 1005 214 CODICIS
1033 176 1392 214 SANGALLENSIS
1420 182 1486 214 912
1818 178 1902 220 257

152 286 303 330 Manes
347 288 588 330 inferorum
639 288 782 344 anime
831 289 902 331 uel
948 303 1009 343 se·
1049 288 1191 331 Mauis
1224 289 1364 345 magis
1397 289 1465 331 uis

210 360 362 415 pulcra
1048 360 1272 403 Maurusia
1304 361 1567 403 mauritania

151 431 401 487 Manipulus
426 432 624 474 numirus
652 432 843 473 militum
863 431 1009 473 breuis
1049 433 1230 475 Mauens
1265 433 1424 475 durans
1457 447 1741 488 perseuerans

150 502 400 559 Manipulus
445 504 557 545 unde
603 506 646 545 et
691 503 857 558 mapuli
905 503 1010 545 dicti
1048 505 1381 547 Maranathema
1406 505 1452 546 in
1478 505 1715 547 aduentum
1741 504 1906 547 domini
1927 516 1960 540 29

208 575 349 618 fasces
383 575 650 632 gremiorum
684 575 799 630 quod
832 590 1008 617 manum
1047 576 1272 619 Maiuroht
1321 577 1382 618 xii
1434 577 1560 634 signa
1603 576 1904 620 mathematici
1931 584 1992 615 82¹

210 647 437 703 capiantur
1107 651 1309 691 asserunt

149 718 352 762 Manuale
386 720 578 762 orarium
1047 721 1215 764 Marcet
1246 721 1428 777 languet

150 790 343 834 Manicat
388 807 514 834 mane
561 794 711 848 surget
755 806 832 847 per
878 806 1008 833 manu
1047 792 1296 835 Martirium
1329 793 1630 836 testimonium

207 866 327 906 tenet
1047 865 1242 907 Marrina
1272 865 1397 921 potio
1432 866 1580 908 diuina

148 934 398 977 Mansueuit
431 939 685 978 mansuetus
719 935 860 978 factus
894 938 960 977 est
1047 937 1253 994 Mastigie
1286 937 1427 992 taurie
1461 938 1637 994 flagella

149 1007 355 1063 Manubie
387 1009 522 1064 preda
554 1009 605 1050 de
637 1007 840 1050 hostibus
1045 1010 1213 1052 Mattus
1245 1009 1379 1051 trisus

149 1079 329 1122 Manum
362 1083 491 1136 capta
522 1080 566 1122 id
599 1083 666 1123 est
699 1080 840 1136 spolia
1045 1081 1261 1124 Matrinus
1295 1082 1426 1123 matri
1459 1081 1595 1123 frater

152 1151 359 1195 Mandaui
391 1153 561 1195 tradedi
1046 1154 1287 1196 Matertera
1320 1168 1480 1210 magna
1512 1168 1636 1196 soror
1669 1153 1790 1195 auiae

149 1223 374 1267 Maburtia
414 1240 482 1268 res
523 1240 605 1280 que
646 1225 699 1266 ad
736 1238 884 1280 pugna
915 1239 1008 1279 per·
1048 1226 1239 1268 Mauisse
1273 1226 1415 1283 magis
1448 1226 1549 1268 uolo
1584 1241 1678 1268 esse

208 1297 320 1339 tenit
1047 1298 1219 1341 Marcus
1253 1299 1448 1341 excelsus
1482 1299 1711 1340 mandatus

149 1368 429 1412 Machinatur
461 1372 588 1425 parat
619 1368 800 1411 instruit
1047 1370 1232 1413 Messias
1265 1373 1423 1412 unctus
1455 1369 1498 1411 id
1532 1372 1599 1412 est
1633 1371 1824 1413 christus
1925 1384 1960 1407 -10

149 1441 411 1484 Macilentus
444 1456 589 1484 macer
1048 1442 1189 1485 Melus
1222 1443 1359 1485 doleis
1393 1457 1524 1484 sonus

148 1513 290 1556 Maior
321 1514 414 1556 nati
447 1514 591 1557 senior
1047 1514 1326 1557 Meditulium
1347 1514 1513 1556 medius
1537 1514 1659 1557 locus
1680 1515 1725 1556 in
1752 1530 1904 1571 campo

149 1585 399 1628 Maculosus
431 1587 629 1642 pullutus
1049 1586 1235 1629 Melotes
1268 1587 1405 1642 pelles
1439 1587 1591 1629 ouinas
1620 1586 1794 1642 simplix
1821 1603 1906 1644 qua

147 1657 341 1714 Mapalia
373 1674 471 1714 case
503 1662 732 1714 pastorum
1108 1659 1312 1702 monachi
1343 1660 1535 1701 uduntur
1568 1675 1619 1701 ex
1650 1674 1735 1701 uno
1770 1660 1904 1702 latere

149 1730 420 1773 Madefactus
452 1731 728 1774 humefactus
1047 1732 1353 1774 Meliusculum
1386 1731 1605 1773 modicum
1637 1732 1861 1774 meliorem
1932 1740 1999 1772 8211

148 1803 408 1860 Magnificus
442 1818 602 1860 magna
634 1803 796 1846 faciens
1046 1804 1241 1847 Metatur
1271 1804 1499 1846 habitatur
1531 1804 1703 1846 locatur
1924 1816 1959 1842 45

148 1874 493 1932 Magnanimitas
526 1875 740 1918 fortitudo
772 1874 938 1916 hanimi
1046 1875 1271 1932 Melopeus
1306 1877 1432 1932 quasi
1466 1877 1671 1919 carminis
1704 1876 1863 1919 facitor

148 1947 366 1991 Maleatur
397 1948 521 1991 faber
552 1944 668 1989 fer?
1045 1949 1246 1992 Mensum
1279 1952 1579 1991 mensuratum

150 2019 489 2063 Machinationis
529 2022 778 2063 commenta
817 2035 840 2061 a
874 2019 1007 2062 studii
1045 2021 1165 2064 Meat
1198 2024 1348 2064 manat
1381 2021 1570 2064 decorrit
1603 2022 1800 2063 ambulat

149 2091 291 2134 Maria
323 2092 626 2135 inluminatrix
657 2093 728 2134 uel
761 2092 937 2134 domina
1045 2094 1290 2136 Menstrum
1324 2094 1530 2136 subaudis
1570 2096 1743 2149 tempus
1776 2093 1903 2136 unius

147 2164 451 2221 Marsuppium
484 2166 692 2208 sacellum
1105 2167 1265 2209 mensis

147 2235 346 2293 Margine
380 2241 574 2281 extrema
604 2240 729 2294 parte
763 2237 915 2280 liuerei
1044 2239 1256 2282 Menalias
1289 2239 1524 2295 pastoralis
1923 2251 1957 2276 50

148 2307 309 2351 Mastia
353 2311 493 2353 malus
540 2311 691 2353 serbus
739 2311 891 2352 serbus
935 2325 1005 2353 ne·
1044 2311 1271 2354 Meritoria
1311 2312 1408 2354 loca
1446 2312 1680 2354 tabernaro
1719 2310 1795 2352 ubi
1834 2310 1903 2352 ad-

208 2396 339 2438 quam
1104 2384 1264 2427 ulteria
1297 2384 1619 2426 comminantur

148 2453 388 2498 Matertera
419 2455 549 2498 matri
584 2469 707 2497 soror
1045 2456 1167 2499 Mero
1200 2456 1378 2499 hanimo
1412 2456 1601 2511 simplici
1634 2456 1801 2499 sincero

246 2651 277 2682 2.
304 2657 479 2682 numerus
508 2647 615 2682 abed
635 2649 645 2693 ΙΙ
667 2651 698 2684 3,
721 2646 847 2682 lemma
873 2658 939 2682 om.
962 2648 1088 2692 abed,
1113 2648 1253 2693 reliqua
1279 2648 1417 2694 gylosscce
1436 2650 1461 2684 ,2
1483 2648 1737 2682 commutantes
1760 2648 1764 2692 Ι
1787 2645 1906 2681 mani-

149 2706 230 2752 puli
251 2708 363 2742 abcd
386 2709 390 2751 Ι
413 2718 527 2741 manu
547 2708 596 2742 cd
615 2710 626 2751 Η
647 2711 678 2742 5.
699 2717 852 2741 manum
873 2708 956 2742 abd
975 2709 986 2752 Η
1007 2711 1038 2742 7.
1060 2707 1104 2750 cf.
1120 2710 1144 2741 S
1163 2708 1174 2752 ΙΙ
1194 2711 1225 2742 8.
1242 2706 1357 2741 Manu
1377 2719 1395 2743 c
1417 2708 1421 2754 Ι
1445 2708 1491 2751 cf.
1508 2711 1529 2742 7
1547 2709 1558 2753 ΙΙ
1579 2712 1610 2742 9.
1631 2706 1771 2741 tradidi
1792 2707 1876 2741 (1ch
1895 2706 1905 2753 ΙΙ

154 2771 207 2803 10.
233 2767 424 2802 Mauortia
450 2768 501 2803 ab
525 2768 529 2813 Ι
552 2778 718 2812 pugnam
745 2769 795 2803 ab
815 2769 827 2813 ΙΙ
849 2771 902 2803 13.
929 2769 1021 2802 natu
1048 2768 1100 2802 ab
1119 2769 1131 2813 [Ι
1152 2771 1206 2803 14.
1233 2767 1401 2812 pollutus
1429 2769 1497 2803 (0211
1517 2770 1528 2813 ΙΙ
1550 2773 1604 2804 15.
1631 2766 1800 2812 Mag-alia
1820 2767 1870 2802 cd
1894 2768 1905 2812 3}

152 2831 206 2863 18.
234 2827 350 2863 animi
375 2829 425 2864 cd
444 2830 455 2874 ss
477 2832 531 2863 19.
553 2827 753 2862 Malleator
773 2829 824 2863 ab
848 2831 851 2871 Ι
875 2826 1051 2862 ferrarius
1072 2828 1123 2863 ab
1142 2829 1154 2872 ΙΙ
1174 2831 1230 2863 20.
1250 2827 1552 2863 Machinationes
1573 2829 1622 2864 ccl
1645 2828 1648 2875 Ι
1673 2826 1837 2862 astutiae
1857 2838 1876 2862 e
1893 2826 1906 2873 ll

150 2893 207 2924 22.
234 2888 425 2923 sacculum
453 2888 514 2922 uel
541 2886 743 2922 saccellum
769 2900 788 2924 c
815 2890 826 2934 ΙΙ
856 2892 911 2923 23.
941 2886 1144 2922 cuiuslibet
1169 2886 1223 2922 rei
1249 2889 1333 2923 abd
1358 2890 1370 2933 [Ι
1395 2892 1450 2923 24.
1479 2899 1608 2922 seruus
1635 2889 1685 2923 ab
1705 2889 1716 2933 Η
1745 2892 1801 2922 25.
1827 2897 1905 2920 ma-

149 2948 217 2983 tris
244 2950 323 2985 abc
350 2950 362 2993 ΙΙ
394 2953 450 2984 30.
478 2946 669 2982 Maiuroth
695 2949 746 2984 ab
766 2950 777 2994 [Ι
797 2953 852 2984 35.
881 2947 1025 2982 Mattus
1051 2948 1084 2982 cl.
1131 2947 1256 2982 Matus
1284 2949 1334 2983 ab
1357 2951 1361 2992 1
1384 2947 1505 2983 tristis
1533 2949 1616 2983 abd
1647 2949 1658 2992 ΙΙ
1690 2952 1745 2982 36.
1771 2945 1905 2980 Matris

150 3010 260 3044 abed
277 3011 289 3055 ΙΙ
310 3013 365 3044 38.
392 3007 613 3043 Maluissem
638 3006 760 3052 magis
787 3007 991 3042 noluissem
1017 3008 1068 3042 ab
1088 3009 1099 3050 Η
1119 3012 1174 3043 39.
1196 3007 1376 3042 mandato
1397 3019 1416 3042 c
1435 3010 1445 3054 ΙΙ
1465 3011 1520 3042 41.
1543 3007 1661 3041 Melos
1682 3008 1733 3041 ab
1756 3009 1760 3050 Ι
1784 3005 1905 3040 dulcis

150 3070 259 3104 abed
289 3071 301 3115 ΙΙ
332 3072 389 3104 42.
416 3066 671 3103 Meditullium
697 3068 721 3103 d
752 3069 763 3114 ΙΙ
794 3071 850 3103 43.
877 3065 988 3112 pellis
1015 3065 1128 3100 ouina
1155 3066 1315 3112 simplex
1341 3078 1453 3112 quam
1478 3065 1654 3100 monachi
1679 3067 1837 3101 utuntur
1862 3076 1907 3100 ex

150 3140 222 3164 uno
248 3129 366 3163 latere
393 3127 608 3174 dependens
635 3128 686 3163 ab
717 3130 729 3173 ΙΙ
761 3131 818 3163 46.
845 3127 967 3162 factor
991 3127 1041 3162 cd
1066 3128 1077 3172 ΙΙ
1101 3130 1158 3162 48.
1187 3126 1352 3162 decurrit
1377 3128 1560 3173 ab01149.
1587 3126 1820 3161 Menstruum
1846 3127 1871 3162 d
1895 3127 1907 3173 Η

150 3191 206 3224 51.
235 3189 475 3223 tabernarum
503 3188 580 3223 bed
602 3190 606 3234 Ι
630 3187 915 3222 committuntur
942 3187 993 3221 bd
1012 3187 1024 3232 ΙΙ
1044 3188 1099 3221 52.
1127 3185 1251 3221 animo
1279 3188 1325 3223 bc
1343 3189 1354 3234 ΙΙ

224 3255 311 3287 corp.
333 3256 423 3288 gloss.
443 3256 496 3283 lat.
516 3259 588 3283 tom.
610 3256 665 3281 TV.
1577 3249 1618 3280 17
