2170 3522
151 953 183 978 10

110 1165 177 1196 39ιι

152 1311 184 1336 15

150 1672 184 1696 20

152 2030 185 2055 25

623 189 834 225 GLOSSAE
861 188 1044 224 CODICIS
1071 190 1428 224 SANGALLENSIS
1455 194 1522 224 912
1857 189 1940 230 227

204 298 450 355 Degenerat
476 314 500 340 a
526 314 680 355 genere
714 314 790 340 suo
824 299 1056 340 dissimilat
1094 299 1288 341 Dedecus
1320 299 1585 354 ingloriosus

204 370 412 413 Detectus
443 371 630 412 nudatus
663 371 892 424 deopertus

204 441 399 497 Denique
432 457 509 497 pos
543 442 716 483 modum
750 442 901 483 deinde

203 513 416 555 Detrusus
448 514 651 568 expulsus

203 584 396 626 Deuorat
428 585 580 640 glottit

204 655 374 697 Demsit
407 657 525 697 tollit
557 656 709 697 deliuit

203 726 375 769 Desinit
408 727 573 769 cessaui

203 798 383 840 Decedit
416 799 579 840 cecedit

202 869 451 912 Decernunt
483 873 653 911 statunt

204 941 462 996 Depositum
496 942 705 984 creditum

204 1013 404 1055 Denodat
436 1014 596 1055 detrait

204 1085 404 1141 Degener
436 1085 643 1141 ignobilis

203 1156 422 1199 Deuectus
457 1157 712 1212 deportatus

204 1228 357 1270 Deicet
389 1228 594 1270 deturbat

203 1300 268 1342 De
300 1315 419 1342 more
453 1315 504 1341 ex
537 1299 838 1341 consuitudine

204 1372 501 1428 Degladiando
534 1372 766 1426 pugnando

203 1443 514 1485 Defunturium
548 1443 850 1484 transitorium

203 1515 461 1557 Deriuatum
494 1530 692 1570 sparsum

203 1587 395 1629 Demeda
425 1587 636 1643 praeceda

202 1658 381 1701 Debelle
414 1659 578 1714 rumpit

202 1730 412 1772 Deuitant
445 1731 610 1786 spernit

202 1802 410 1844 Deuinxit
443 1803 693 1859 conlegauit

202 1873 379 1930 Delegit
411 1874 544 1930 eliget

203 1944 453 1988 Desciscere
486 1946 666 1988 deficere

204 2017 524 2072 Depudiscente
557 2018 837 2072 inpudentem

204 2089 386 2144 Deseuit
419 2090 471 2132 ad
504 2089 727 2131 iracundia
759 2089 920 2131 lenitur

204 2161 414 2216 Deposcit
445 2162 553 2203 uade
585 2165 713 2217 rogat

205 2232 394 2275 Dedecet
426 2249 513 2276 non
545 2235 720 2276 dedecet

303 2389 337 2432 1)
362 2389 380 2422 t
404 2399 430 2422 s.
457 2399 522 2423 scr.
544 2390 610 2432 112)
638 2398 657 2421 e
682 2399 707 2422 s.
736 2398 801 2422 ser.
823 2390 834 2431 ΙΙ

1094 371 1289 412 Delictus
1326 371 1596 412 ueruclatum
1638 385 1764 425 quem
1797 370 1945 411 dicunt
1965 383 1998 406 30

1093 442 1347 483 Defecatum
1380 442 1591 496 liquidum
1623 457 1777 496 purum
1811 444 1946 483 exter-

1153 528 1249 555 sum

1094 584 1288 626 Delubra
1307 585 1471 639 templa
1488 585 1582 627 ideo
1599 585 1700 639 quia
1719 585 1764 626 in
1784 585 1945 640 ingres-

1154 671 1248 697 sum
1275 656 1393 697 lacus
1427 671 1534 710 aque
1561 657 1724 698 fiebant
1749 656 1823 697 ubi
1854 656 1867 710 ΙΙ
1902 670 1945 697 se
1972 665 2033 695 40Τ

1153 728 1399 769 sacerdotes
1436 728 1719 769 sacrificaturi
1750 727 1945 782 purifica·
2009 741 2012 744 ⁴

1153 800 1258 840 baut
1285 802 1329 840 et
1361 799 1413 840 ad
1447 800 1695 840 diluendum
1728 799 1771 839 id
1798 801 1864 839 est
1889 798 1947 838 la—

1155 870 1343 911 bandum
1377 871 1555 912 delubra
1586 871 1701 912 dicta
1734 873 1835 911 sunt

1096 940 1340 983 Derelictus
1373 942 1586 984 ‹limessus

1096 1012 1263 1054 Decens
1295 1013 1474 1068 pulcher

1096 1083 1314 1126 Deformis
1347 1085 1442 1127 fede
1475 1085 1613 1139 forme
1969 1099 2002 1124 35

1096 1156 1312 1198 Desuetus
1345 1157 1624 1199 inconsuetus

1097 1227 1272 1270 Deiscet
1306 1243 1353 1270 os
1388 1244 1514 1284 apere

1096 1298 1424 1341 Deuerticulum
1456 1300 1531 1341 ubi
1565 1303 1784 1342 camsatur

1097 1370 1305 1413 Decreuit
1338 1371 1556 1413 ordinauit

1098 1442 1396 1497 Deprouatum
1429 1443 1718 1486 deformatum
1970 1456 2004 1480 40

1098 1514 1314 1569 Depraces
1348 1529 1482 1570 genus
1516 1516 1730 1570 serpentis

1100 1585 1233 1627 Deses
1266 1586 1444 1642 ignarus
1476 1587 1600 1643 piger

1096 1657 1361 1714 Deuulgatl)
1396 1659 1597 1715 pupligat

1096 1730 1353 1772 Destituunt
1385 1730 1606 1786 relingunt
1618 1729 1654 1787 2)

1096 1801 1315 1844 Dcdocere
1348 1803 1398 1844 de
1431 1802 1629 1844 doctrina
1662 1816 1870 1843 euacuare
1968 1814 2002 1839 45

1098 1872 1334 1928 Despectat
1367 1874 1559 1929 despicet

1098 1945 1297 1986 Denuum
1331 1946 1491 1987 iterum
1524 1947 1758 1988 secundum

1098 2016 1290 2073 Degerat
1316 2032 1392 2072 per
1413 2018 1537 2059 deum
1560 2018 1675 2059 iurat
1696 2018 1807 2059 male
1834 2016 1950 2058 iurat

1096 2088 1302 2144 Despirat
1334 2089 1537 2144 spiritum
1570 2090 1697 2131 tollet

1097 2160 1301 2202 Deflectit
1334 2161 1480 2202 deuiat
1976 2168 2042 2206 402¹

1096 2232 1270 2274 Deunce
1304 2233 1403 2274 dece
1436 2233 1657 2275 untiarum
1970 2244 2001 2268 51

301 2523 332 2555 1.
359 2518 563 2553 dissimilat
587 2518 672 2553 abd
702 2518 714 2562 ΙΙ
746 2521 777 2552 2.
805 2516 1061 2562 discoopertus
1088 2518 1112 2552 d
1143 2520 1155 2563 ΙΙ
1186 2522 1217 2552 3.
1245 2517 1485 2562 postmodum
1511 2519 1562 2553 ab
1582 2521 1592 2564 ΙΙ
1618 2523 1650 2553 5.
1678 2517 1811 2562 gluttit
1835 2518 1915 2553 abc
1940 2519 1952 2564 [Ι

206 2583 237 2615 6.
264 2578 354 2613 tulit
379 2578 521 2613 deleuit
546 2579 598 2612 ab
618 2579 630 2622 n
659 2582 688 2613 7.
716 2576 881 2611 cessauit
905 2578 987 2613 abc·
1024 2579 1035 2621 ΙΙ
1073 2581 1104 2612 8.
1131 2576 1282 2611 Decidit
1308 2576 1444 2611 cecidit
1469 2579 1520 2612 ab
1558 2580 1569 2622 ΙΙ
1607 2583 1639 2613 9.
1666 2578 1839 2611 statuunt
1864 2578 1915 2611 ab
1940 2579 1951 2622 l

208 2640 261 2673 10,
288 2637 349 2671 uel
375 2637 677 2672 commendatum
701 2637 788 2672 add.
814 2637 894 2672 abc
923 2638 935 2682 [Ι
969 2641 1021 2672 11.
1051 2636 1218 2671 detrahit
1242 2638 1327 2672 abd
1364 2638 1375 2681 [Ι
1415 2641 1469 2672 14.
1496 2636 1620 2671 Deicit
1645 2638 1696 2672 ab
1734 2639 1745 2680 ΙΙ
1786 2641 1838 2671 15.
1867 2648 1951 2670 con-

206 2696 403 2732 suetudine
429 2698 480 2732 ab
522 2699 534 2743 ΙΙ
579 2701 633 2732 17.
660 2695 945 2731 Defunctorium
970 2697 1022 2731 ab
1065 2697 1076 2740 ΙΙ
1122 2700 1177 2732 19.
1204 2696 1401 2731 Demetam
1425 2696 1617 2741 precidam
1644 2698 1699 2731 ab
1743 2698 1753 2741 ΙΙ
1798 2700 1852 2730 20.
1881 2695 1950 2729 De-

205 2756 321 2791 uellet
346 2758 407 2792 ab.
447 2755 614 2792 Deuellit
638 2757 688 2792 cd
727 2757 732 2801 Ι
771 2757 921 2801 rumpet
946 2756 997 2790 ab
1040 2756 1052 2799 ΙΙ
1096 2760 1151 2791 21.
1176 2755 1332 2790 Deuitat
1357 2757 1434 2792 abc
1474 2758 1485 2801 ΙΙ
1528 2760 1584 2791 22.
1611 2755 1807 2800 colligauit
1832 2755 1916 2790 abd
1939 2756 1951 2801 Η

206 2820 263 2852 23.
288 2815 434 2861 Deligit
458 2815 567 2861 eligit
591 2817 644 2851 ab
681 2817 694 2861 ss
732 2820 787 2851 25.
814 2814 1129 2861 Depudiscentem
1155 2816 1205 2851 ab
1243 2817 1254 2861 Η
1292 2819 1347 2851 26.
1375 2816 1423 2850 ab
1448 2817 1533 2851 abd
1563 2816 1574 2860 ΙΙ
1611 2819 1667 2850 27.
1694 2814 1805 2849 ualde
1832 2815 1916 2850 abd
1940 2815 1952 2861 Η

207 2879 261 2911 28.
288 2887 363 2911 non
389 2876 498 2911 decet
521 2876 630 2912 abed
660 2877 672 2921 11
704 2879 759 2911 30.
786 2886 853 2911 om.
880 2875 993 2910 abed
1020 2876 1032 2919 11
1063 2878 1118 2908 32.
1151 2874 1294 2919 templa
1324 2874 1510 2909 idolorum
1541 2875 1580 2908 in
1611 2874 1781 2918 ingressu
1813 2872 1951 2908 etenim

207 2935 354 2970 delubri
379 2936 483 2970 lacus
510 2947 606 2983 aque
632 2935 748 2970 fiebat
773 2934 838 2969 ubi
864 2933 1077 2968 sacerdotes
1105 2933 1351 2969 sacrificaturi
1377 2945 1415 2969 se
1438 2937 1520 2979 (om.
1541 2938 1580 2978 a)
1601 2934 1852 2979 purificabant
1871 2935 1909 2968 et
1929 2944 1952 2967 a

207 2994 385 3030 diluendo
411 2995 511 3030 idest
535 2995 700 3030 lauando
726 2995 884 3029 delubra
910 2994 1014 3028 dicta
1040 2995 1128 3028 sunt
1152 2995 1204 3029 ab
1235 2996 1247 3038 ΙΙ
1275 2998 1330 3029 33.
1359 3005 1424 3029 om.
1451 2995 1561 3029 abed
1591 2996 1602 3038 ΙΙ
1634 2998 1688 3028 37.
1717 2992 1886 3027 Dehiscit
1910 3004 1951 3028 os

207 3055 330 3100 aperit
353 3057 437 3091 abd
461 3058 473 3101 Η
499 3060 554 3091 38.
582 3054 854 3090 Diuerticulum
880 3055 930 3089 ab
949 3056 962 3099 ss
980 3057 1036 3088 40.
1064 3053 1320 3099 Deprauatum
1345 3055 1424 3090 abc
1442 3056 1454 3099 ss
1473 3058 1528 3088 41.
1556 3065 1621 3088 om..
1648 3053 1756 3089 abed
1775 3054 1786 3097 ΙΙ
1806 3056 1862 3088 43.
1888 3052 1951 3086 Di-

207 3115 341 3160 uulgat
364 3115 537 3160 puplicat
561 3116 614 3150 ab
633 3117 644 3160 ΙΙ
664 3119 719 3151 44.
740 3114 958 3158 relinquunt
977 3114 1060 3148 abd
1080 3115 1091 3159 ΙΙ
1110 3116 1166 3148 46.
1189 3113 1362 3147 deorsum
1388 3112 1524 3157 aspicit
1544 3113 1594 3147 ab
1614 3114 1625 3156 ΙΙ
1645 3116 1701 3147 47.
1721 3111 1850 3146 Denuo
1871 3113 1921 3147 ab
1944 3116 1947 3158 l

209 3175 370 3210 secundo
396 3176 448 3211 ab
467 3177 479 3221 ΙΙ
498 3179 554 3210 48.
581 3174 736 3209 Deierat
760 3175 812 3210 ab
831 3176 843 3219 n
862 3177 917 3208 49.
945 3172 1048 3208 tollit
1073 3174 1125 3208 ab
1144 3174 1157 3218 ΙΙ
1182 3177 1238 3208 51.
1264 3173 1451 3207 Deuncem
1479 3172 1607 3206 decem
1633 3171 1826 3205 unciarum
1851 3172 1903 3206 ab
1922 3174 1934 3216 ΙΙ

1597 3231 1667 3265 15*
