2232 3548
845 193 1116 230 PRAEFATIO
1777 194 1862 228 XIX

104 323 146 363 p.
161 308 259 350 200.
292 306 345 348 In
357 306 385 348 f.
407 308 444 348 lr
457 306 635 363 legitur:
658 305 758 348 ‘Istc
778 306 877 348 liber
896 309 954 348 est
970 306 1104 348 sancti
1122 305 1364 347 monasterii
1384 302 1622 347 Casinensis
1642 303 1720 345 No.
1741 302 1862 353 580⁷,-

105 379 152 420 in
171 378 395 420 involucro
415 393 621 420 numerus
638 378 816 420 est514.
847 376 1119 419 Glossarium
1138 376 1309 432 incipit:
1330 377 1450 419 Abba
1465 390 1565 430 syre.
1594 375 1719 417 Grece
1730 378 1863 428 pater.

104 451 257 492 Latine
283 451 463 505 yenitor;
503 449 682 504 explicit
714 449 759 490 in
790 449 862 491 fol.
902 449 1055 491 183‘b:
1097 449 1198 490 Zeta
1228 448 1420 491 hiemalis
1450 462 1525 502 que
1556 448 1694 489 calida
1724 448 1771 500 fit
1803 447 1865 489 ot·-

104 523 222 564 ducto
260 522 369 576 iyne,
407 521 602 562 Zetariecs
633 521 948 563 camz'ozatarc'ns.
1011 521 1064 562 In
1096 521 1301 562 extremis
1334 520 1453 562 foliis
1486 520 1631 562 variae
1664 534 1732 560 res
1766 534 1863 561 con-

106 594 256 648 gestae
283 594 403 646 sunt,
443 592 561 634 velut
592 594 810 633 tractatus
844 591 913 634 ‘de
944 596 1027 633 octo
1059 593 1277 634 miraculis
1314 592 1497 634 memdi’.
1561 589 1765 633 Codicem
1799 606 1866 632 ex-

105 664 268 720 cerpsit
293 663 548 718 Loewius,
580 663 776 705 litteram
805 662 842 704 G
870 663 1058 704 contulit
1086 661 1527 705 Gundermannus.
1562 688 1617 692 —
1651 661 1696 718 3)
1721 660 1866 704 Codex

105 735 436 778 Cassinensis
457 736 557 791 402,
583 735 952 788 membranaceus,
981 748 1087 775 saec.
1110 732 1251 789 IXJX,
1280 749 1407 789 quem
1429 735 1645 790 excerpsit
1666 734 1866 776 Monte-

104 807 370 850 faleonius
391 805 462 864 (cf.
485 807 678 849 Loewii
699 806 847 848 Prodr.
870 822 908 861 p.
936 805 1049 862 142).
1099 804 1306 848 Continet
1326 809 1499 860 praeter
1520 806 1605 847 alia
1631 804 1673 862 1)
1701 806 1867 861 glossa-

105 879 220 921 rium
253 880 307 921 ab
335 880 454 921 Abba
485 880 567 921 sire
593 893 707 933 yrece
730 881 854 932 pater
887 878 1014 919 latine
1041 879 1201 931 ycm'z‘or
1234 878 1287 919 ad
1321 878 1443 919 Zeias
1475 879 1583 928 edes;
1618 876 1665 933 2)
1699 879 1867 934 glossa—

107 952 266 994 riolum
306 966 331 992 a
363 951 599 993 Proaulum
637 951 690 992 acl
728 949 1006 1003 Spodromum
1044 949 1110 991 ael
1146 950 1418 1003 ypodromum
1454 949 1576 990 nullo
1618 949 1867 991 litterarum

107 1023 278 1078 ordine3
317 1022 363 1078 3)
398 1022 707 1079 glossariolum
747 1021 801 1063 ab
835 1021 986 1063 Abmco
1016 1022 1212 1076 permitto
1251 1021 1304 1063 ad
1344 1020 1620 1074 {peraspz'stc‘s
1653 1036 1767 1075 yrcee

105 1096 205 1149 fides
236 1095 388 1138 dicit-m·
419 1094 639 1149 permulta
670 1093 850 1135 nomina
881 1093 1059 1148 propria
1092 1093 1323 1148 explicans.
1375 1091 1571 1133 Primum
1605 1093 1868 1148 glossarium

108 1167 325 1222 excerpsit
351 1165 606 1221 Loewius,
637 1165 833 1207 litteram
863 1164 899 1206 G
927 1164 1207 1219 transcripsit
1236 1164 1674 1206 Gundermannus.
1725 1164 1776 1206 In
1803 1179 1871 1206 co-

108 1239 276 1281 dicibus
309 1239 394 1280 217
435 1240 479 1279 et
510 1238 598 1279 402
632 1237 793 1279 similia
833 1237 1114 1280 continentur
1147 1239 1278 1291 atque
1312 1236 1356 1278 in
1390 1237 1466 1290 90,
1506 1236 1698 1291 exeeptis
1732 1237 1869 1291 copiis

108 1310 314 1353 Auxilii
333 1309 601 1365 presbyteri:
628 1310 668 1350 h.
691 1325 723 1351 e.
746 1310 919 1365 glossae
948 1307 1234 1351 ‘asbestos’
1257 1311 1300 1350 et
1320 1322 1480 1363 magna
1500 1323 1601 1362 pars
1623 1309 1869 1364 glossarum

108 1383 156 1424 ‘a
182 1381 241 1437 a’,
274 1381 454 1424 adiectis
488 1381 598 1436 aliis,
631 1382 682 1423 de
717 1381 875 1437 quibus
904 1381 1009 1423 olim
1037 1381 1252 1437 agendum
1281 1380 1374 1421 erit.
1423 1378 1627 1421 Ceterum
1654 1381 1805 1422 littera
1833 1380 1869 1421 G

108 1455 356 1512 glossarum
389 1453 675 1495 ‘asbestos’
710 1453 826 1495 infra
853 1453 1103 1508 speciminis
1131 1467 1262 1494 causa
1289 1452 1458 1494 edetur:
1492 1467 1543 1493 ex
1570 1467 1656 1506 qua
1683 1452 1870 1494 editione

110 1526 358 1583 apparebit,
392 1527 445 1568 ad
478 1526 609 1568 crisin
641 1526 797 1567 harum
831 1526 1078 1582 glossarum
1112 1525 1310 1567 sufficere
1345 1524 1513 1566 codices
1548 1525 1631 1566 duo
1666 1524 1871 1566 sinceros.

107 1598 202 1641 Hae
240 1599 378 1655 igitur
417 1599 590 1655 glossae
630 1598 852 1640 artissimo
895 1613 993 1640 cum
1027 1596 1362 1652 Sangallensi
1402 1596 1574 1638 vinculo
1616 1595 1871 1638 coniunctae

109 1673 223 1726 sunt,
244 1670 442 1725 quamvis
465 1670 569 1712 ordo
592 1670 846 1725 saepissime
868 1670 1097 1725 discrepet.
1144 1669 1268 1719 Quod
1291 1668 1429 1710 multo
1452 1668 1738 1710 correctiores
1760 1670 1873 1717 sunt,

111 1743 250 1785 altera
283 1757 334 1784 ex
366 1744 491 1797 parte
526 1741 807 1783 traditioni
847 1741 1047 1795 debetur,
1069 1741 1231 1783 -altera
1265 1756 1315 1782 ex
1342 1743 1466 1795 parte
1500 1739 1873 1795 emendationi,

107 1814 179 1856 hic
217 1813 309 1856 illic
342 1814 476 1856 etiam
509 1813 966 1856 contaminationi.
1032 1813 1199 1863 Quibus
1234 1813 1395 1868 glossis
1437 1812 1500 1853 ita
1534 1827 1629 1853 sum
1662 1827 1785 1866 usus,
1823 1816 1873 1853 ut

109 1886 335 1929 selectas
375 1886 634 1928 lectiones
679 1884 910 1941 apparatui
955 1885 1212 1940 insererem,
1255 1884 1433 1926 inutiles
1475 1883 1711 1925 abicerem:
1759 1884 1873 1938 quod

115 1972 201 2013 quo
234 1957 326 1999 iure
359 1956 537 2000 fecerim
571 1972 622 1999 ex
655 1957 891 2012 specimine
924 1956 1000 1999 illo
1035 1957 1275 2012 apparebit.

233 2029 295 2072 Vt
323 2032 471 2071 autem
498 2029 765 2084 complectar
792 2043 901 2083 quae
935 2029 985 2070 de
1019 2029 1179 2084 glossis
1209 2027 1647 2084 Sangallensibus
1681 2028 1874 2083 exposui,

112 2102 196 2144 hoc
247 2116 424 2144 moneo:
482 2116 556 2142 me
604 2099 649 2157 1)
694 2100 1095 2143 accuratissime
1148 2100 1473 2156 expressisse
1518 2100 1569 2141 in
1623 2103 1871 2141 contextu

111 2173 430 2228 scripturam
453 2172 649 2215 codicis
671 2172 1023 2214 vetustissimi
1049 2172 1274 2214 abiectis
1302 2172 1611 2226 quibusdam
1633 2172 1873 2213 minutiis

108 2244 418 2300 inutilibus3
450 2242 498 2300 2)
532 2245 808 2299 apparatui
843 2244 1134 2286 inseruisse
1167 2244 1427 2299 potiorem
1461 2237 1873 2298 discrepantiam

111 2317 408 2373 glossarum
447 2315 732 2358 ‘asbestos’
773 2315 827 2371 (a
865 2319 915 2357 et
947 2314 1013 2372 b),
1056 2316 1252 2358 codicis
1295 2315 1629 2356 Ambrosiani
1668 2313 1757 2370 (c),
1796 2315 1874 2356 de-

111 2389 268 2444 nique
301 2387 501 2430 codicis
535 2387 810 2430 Leidensis
844 2386 933 2445 (d).

955 2507 1035 2549 ΠΙ.

231 2605 257 2657 ξ
295 2605 360 2646 14.
422 2603 614 2646 Transeo
652 2619 766 2646 nune
806 2604 860 2645 ad
898 2605 1070 2660 glossas
1110 2603 1307 2645 codicis
1342 2602 1612 2644 Leidensis
1647 2603 1700 2644 (37
1736 2602 1784 2653 F,
1823 2617 1874 2644 ex

113 2692 199 2732 quo
239 2676 413 2718 omissis
447 2676 544 2718 aliis
578 2678 830 2731 quattuor
869 2675 1132 2731 glossaria
1164 2674 1431 2730 exprompsi,
1471 2690 1579 2729 quae
1614 2674 1874 2730 singillatim

113 2749 343 2791 tractanda
377 2751 489 2790 sunt.
539 2746 737 2789 Primum
769 2748 915 2803 ipsum
942 2747 1135 2790 codicem
1169 2762 1297 2802 quem
1324 2762 1402 2802 pro
1428 2746 1713 2788 fundamento
1740 2746 1873 2787 habui

113 2821 367 2863 describam.

235 2891 379 2934 Codex
424 2890 700 2933 Leidensis
746 2890 858 2933 67]]Ἰ
898 2889 970 2947 (ef.
1008 2889 1181 2932 Geelii
1222 2889 1348 2931 catal.
1380 2904 1449 2931 no.
1483 2889 1592 2944 4963
1637 2888 1876 2932 Loewius

113 2963 265 3006 Prodr.
285 2979 324 3018 p.
347 2963 416 3018 89,
440 2963 524 3004 170
539 2977 645 3018 sqq„
671 2963 793 3005 euius
820 2963 952 3004 verba
978 2977 1029 3004 ex
1049 2964 1173 3017 parte
1196 2976 1292 3002 mea
1313 2958 1427 3017 feci),
1455 2961 1560 3002 olim
1581 2960 1876 3015 Krohnianus,

118 3036 496 3089 membranaceus,
537 3035 620 3077 158
653 3034 880 3090 foliorum,
919 3049 1026 3076 saec..
1055 3032 1276 3088 VIIIJIX,
1315 3031 1669 3088 ‘quadripertitis
1701 3033 1875 3088 paginis

114 3107 180 3150 ita
218 3107 426 3162 scriptus,
470 3109 519 3147 ut
561 3121 698 3161 usque
736 3106 789 3148 ad
827 3105 899 3147 fol.
937 3107 1042 3148 102u
1082 3105 1238 3147 triceni
1283 3104 1469 3160 singulis
1513 3103 1686 3160 paginis
1727 3119 1877 3146 versus

116 3178 441 3234 contineantur,
477 3178 576 3219 inde
616 3193 641 3220 a
678 3178 751 3220 fol.
783 3178 884 3220 103Γ
921 3191 1057 3233 usque
1097 3177 1150 3218 ad
1188 3177 1320 3219 finem
1359 3176 1487 3217 modo
1527 3175 1603 3226 30,
1640 3176 1769 3218 modo
1807 3177 1878 3230 31,

1539 3244 1589 3278 br
