2170 3522
611 186 820 222 GLOSSAE
847 185 1030 222 CODICIS
1058 185 1414 220 SANGALLENSIS
1441 188 1508 220 912

192 297 311 347 Queo
345 298 468 338 ualeo
502 311 632 351 posso

193 369 414 419 Quendam
448 368 636 422 aliquem
670 367 916 422 quempiam

193 440 404 494 Quempia
438 453 748 494 quemeumque

193 511 358 561 Queror
390 510 569 552 iniurias
603 524 719 550 meas
753 509 894 551 iudico

156 594 171 618 5
193 582 380 635 Questor
401 581 674 623 consiliarius
695 583 738 622 et
759 581 832 635 qui
858 581 1040 635 pecunia

248 653 421 707 puplica
453 654 690 708 prerogant

192 724 343 778 Queun
375 726 558 779 possunt

74 803 163 835 118u
191 796 321 845 Quibi
353 795 478 850 potui
511 794 707 837 consensi

189 866 403 916 Quidnam
436 866 597 922 aliquid
630 869 673 907 et
706 866 808 921 quid

190 937 354 988 Quidue
387 939 457 980 uel
492 938 593 993 quid

136 1023 168 1047 10
189 1010 303 1060 Quin
335 1009 467 1051 immo
501 1009 641 1065 magis
674 1009 833 1051 aetiam
866 1010 935 1051 uel
966 1026 1039 1065 po-

247 1081 333 1123 tius

187 1153 413 1208 Quispiam
446 1152 603 1207 aliquis

189 1224 271 1275 Qui
305 1224 440 1266 seiam
472 1225 583 1266 unde
620 1224 753 1266 sciam

186 1294 338 1345 Quiete
372 1296 593 1338 silentium

187 1367 271 1418 Qui
304 1371 490 1424 quantus
525 1382 654 1423 quam
687 1381 870 1423 magnus

133 1452 165 1477 15
187 1439 300 1489 Quin
340 1439 499 1481 aetiam
538 1440 574 1481 si
616 1439 776 1482 aetiam
809 1439 948 1495 magis
988 1454 1036 1481 ae

243 1510 383 1567 magis

184 1581 295 1632 Quid
328 1582 437 1624 stuit
470 1582 573 1637 quid
605 1583 771 1638 cogitat

185 1653 370 1703 Quinam
403 1654 476 1709 qui
508 1669 610 1696 uero

185 1725 342 1775 Quidni
373 1726 456 1768 hoc
490 1726 628 1782 magis
662 1728 705 1768 et
738 1741 870 1781 quare
902 1742 990 1780 11011

186 1797 400 1847 Quiddam
432 1798 649 1840 modicum
682 1798 845 1852 aliquid

129 1882 163 1906 20
184 1867 342 1918 Quimii
406 1869 538 1924 etiam
595 1869 847 1911 aduerbium
901 1869 1035 1912 adfer-

243 1941 388 1982 mandi

183 2012 427 2062 Quiuerunt
459 2014 695 2068 potuerunt

68 2093 148 2123 119r
184 2083 450 2139 Quisquilias
483 2085 629 2140 paleas
663 2084 979 2126 minutissimas

182 2155 349 2211 Quippe
382 2171 427 2198 re
459 2172 562 2198 uera
594 2156 685 2198 sine
719 2156 897 2197 dubium

183 2226 415 2283 Quippiam
448 2228 611 2283 aliquid
644 2227 861 2270 modicum

130 2310 163 2336 25
184 2297 379 2348 Quisitor
410 2299 536 2341 iudex

185 2369 376 2420 Quirites
408 2372 594 2427 populus
626 2386 830 2413 romanus

183 2441 313 2491 Quies
345 2457 429 2497 pax
461 2442 683 2484 silentium

182 2513 386 2562 Quirinus
419 2514 611 2556 romolus

181 2583 411 2640 Quousque
445 2585 650 2641 quamdiu

277 2704 310 2747 1)
337 2702 369 2736 3
394 2703 478 2738 add.
505 2714 550 2737 m.
577 2706 601 2738 2
622 2704 634 2746 ss

1842 184 1925 224 277

1081 293 1306 343 Quondam
1339 294 1442 336 olim
1948 308 1982 330 30

1081 365 1293 420 Quopiam
1325 365 1485 407 alieubi

1082 436 1175 486 Quo
1208 436 1382 477 numine
1416 451 1500 490 qua
1532 438 1797 491 potestatem

1081 507 1295 557 Quorsum
1327 507 1372 548 in
1406 523 1490 562 qua
1523 510 1644 562 parte

1080 578 1322 633 Quodpiam
1356 579 1570 633 quoddam

1079 649 1274 699 Quonam
1309 650 1453 704 aliquo
1948 661 1981 685 35

1079 722 1258 775 Quoque
1292 721 1421 762 dinuo

1079 792 1318 842 Quominus
1352 792 1479 833 aliter

1079 864 1357 914 Quorundam
1390 865 1634 919 aliquorum

1079 936 1291 986 Quocirca
1324 938 1588 990 quapropter

1078 1007 1272 1057 Quodam
1307 1022 1576 1062 quocumque
1947 1019 1981 1042 ›10

1079 1080 1308 1134 Quoquam
1339 1079 1600 1133 ubicumque

1077 1151 1270 1201 Quorsus
1303 1165 1388 1205 qua
1420 1150 1588 1192 ratione
1622 1165 1676 1205 qo
1711 1152 1836 1193 modo

1956 944 2043 975 119u

1074 1365 1284 1421 Ratum1)
1354 1368 1519 1408 eertum
1590 1366 1762 1407 firmum
1824 1366 1928 1407 uali-

1134 1438 1235 1479 dum

1075 1510 1215 1551 Ratus
1249 1509 1487 1551 arbitratus

1075 1581 1208 1623 Rates
1241 1595 1373 1622 naues
1945 1591 1979 1615 45

1075 1653 1293 1694 R-amnum
1325 1667 1460 1709 genus
1493 1652 1626 1694 herbe
1659 1651 1833 1707 spinose

1076 1725 1311 1767 Raeemum
1344 1724 1594 1766 butrionem
1625 1738 1756 1765 uuam

1075 1797 1294 1852 Rapaeem
1326 1796 1567 1838 uiolentum

1076 1869 1255 1924 Raptim
1288 1868 1449 1911 cursim
1482 1867 1627 1910 subito

1072 1941 1273 1982 Randum
1305 1940 1603 1981 arbitrandum
1944 1948 1978 1973 50

1072 2012 1253 2067 Raptati
1286 2011 1415 2053 tracti
1448 2011 1639 2066 separati

1072 2083 1266 2139 Rapidus
1299 2083 1426 2125 uelox

1072 2155 1232 2197 Rabies
1265 2154 1386 2196 furor
1418 2154 1586 2196 insania

1072 2227 1242 2268 Rabula
1273 2226 1469 2267 rabidam

1071 2298 1210 2341 Rama
1243 2297 1410 2339 excelsa

1071 2370 1244 2412 Raneor
1275 2369 1321 2410 in
1352 2369 1424 2411 uia
1456 2369 1578 2411 dolor

1071 2442 1297 2497 Raphahel
1328 2441 1476 2483 nuntis
1509 2441 1577 2483 dei

1070 2513 1213 2555 Rabbi
1245 2513 1454 2569 magister
1487 2528 1635 2568 syrum
1668 2517 1734 2556 est

1070 2585 1282 2626 Radiatus
1314 2584 1597 2627 inluminatus

1950 2231 2032 2263 120Υ

276 2813 306 2844 1.
332 2821 484 2854 possum
511 2810 589 2845 abc
619 2810 630 2854 ΙΙ
663 2813 694 2844 2.
722 2820 948 2854 quemquam
973 2812 1024 2846 ab
1044 2812 1055 2856 ΙΙ
1080 2815 1112 2845 3.
1141 2809 1361 2854 Quempiam
1388 2811 1438 2845 ab
1457 2812 1468 2855 ΙΙ
1488 2815 1519 2845 4.
1546 2809 1669 2844 indico
1695 2811 1746 2845 ab
1765 2812 1777 2854 ΙΙ
1797 2815 1829 2845 5.
1855 2821 1916 2854 pe-

180 2869 328 2904 cuniam
353 2870 544 2915 puplicam
571 2871 655 2906 abd
677 2873 681 2915 Ι
704 2871 836 2915 erogat
863 2871 925 2906 ab.
976 2871 1155 2915 proeauet
1180 2881 1208 2905 c.
1258 2870 1460 2914 praerogat
1485 2871 1509 2904 (Z
1534 2871 1545 2914 [Ι
1575 2874 1605 2904 6.
1633 2869 1779 2911 Queunt
1804 2870 1882 2904 abc
1908 2870 1918 2914 Η

182 2933 212 2965 7.
240 2928 351 2971 Quiui
377 2931 428 2966 ab
453 2931 465 2975 ΙΙ
495 2933 548 2965 13.
577 2928 747 2972 Quietem
773 2931 850 2966 abc
881 2932 892 2975 Η
927 2935 979 2965 16.
1008 2929 1105 2972 Quid
1131 2929 1258 2964 studet
1283 2930 1302 2964 b
1330 2930 1342 2973 ΙΙ
1373 2933 1429 2964 20.
1457 2927 1667 2963 affirmandi
1694 2929 1717 2963 (Ζ
1742 2929 1753 2972 [Ι
1779 2932 1832 2964 28.
1861 2940 1916 2963 ro-

179 2988 301 3023 mulus
328 2991 437 3025 abcd
456 2991 468 3034 ΙΙ
489 2993 542 3024 32.
569 2989 758 3033 potestate
784 2991 835 3024 ab
855 2991 866 3035 ΙΙ
886 2994 940 3024 33.
969 3000 1081 3033 quam
1107 2991 1254 3034 partem
1279 2990 1363 3024 abd
1382 2990 1393 3033 ΙΙ
1419 2993 1474 3024 36.
1502 2988 1620 3022 denuo
1648 2989 1718 3024 abc
1737 2990 1748 3033 ΙΙ
1768 2991 1822 3023 37.
1849 3000 1914 3024 om.

180 3049 288 3083 abed
325 3049 336 3093 ΙΙ
374 3051 430 3084 40,
459 3048 654 3090 Quoddam
680 3049 939 3093 quodcumque
965 3060 982 3084 c
1013 3049 1024 3093 ΙΙ
1060 3052 1117 3084 42.
1145 3060 1216 3092 quo
1244 3049 1326 3083 abd
1356 3049 1367 3093 ΙΙ
1405 3052 1460 3083 46.
1487 3048 1651 3081 3311111118
1678 3048 1728 3082 cd
1762 3050 1765 3090 Ι
1799 3057 1915 3092 genus

181 3106 323 3141 arboris
350 3107 499 3152 spinose
526 3108 575 3142 cd
612 3108 622 3152 ΙΙ
659 3111 715 3143 47.
741 3107 950 3143 botrionem
975 3108 1026 3143 ab
1059 3110 1070 3153 11
1102 3112 1157 3144 54.
1185 3107 1370 3142 3310111311]
1397 3107 1567 3152 rapidam
1593 3108 1617 3142 (Z
1648 3108 1659 3151 ΙΙ
1690 3111 1745 3142 56.
1770 3105 1915 3140 inuidia

181 3167 288 3202 abed
306 3168 394 3221 [1¹57.
418 3165 571 3201 nuntius
597 3167 674 3202 abc
692 3167 704 3212 ss
