2170 3522
696 720 1038 769 GLOSSAE
1078 721 1369 769 ABAVVS

152 837 175 860 a
196 843 239 854 =
261 824 340 860 cod.
361 824 477 861 Paris.
501 829 592 860 7690
614 835 710 859 saec.
730 824 792 859 IX.
850 826 869 860 b
891 843 935 855 =
957 826 1036 861 cod.
1058 826 1166 861 Bern.
1188 828 1256 862 258
1285 836 1380 860 saec.
1401 826 1463 860 IX.
1515 838 1533 861 c
1554 844 1596 855 =
1619 826 1698 862 cod.
1719 826 1840 863 Haun.
1863 831 1907 862 ‘26

254 896 350 920 saec.
372 885 433 921 IX.
485 886 509 920 cl
530 902 573 914 =
595 884 675 920 cod.
696 884 803 920 Voss,
825 888 869 920 82
897 896 993 920 sace.
1015 886 1076 920 IX.
1129 898 1146 921 e
1166 903 1210 915 =
1232 885 1311 920 cod.
1333 885 1480 921 Monac.
1502 890 1617 922 14252
1645 897 1741 921 saec.
1763 887 1811 922 IX

57 993 118 1024 621Γ
151 982 310 1025 Ababu
330 986 457 1039 pater
476 983 631 1038 proabi
657 983 701 1025 id
722 986 789 1025 est
811 983 917 1025 abus
939 983 1009 1024 abi
1049 983 1192 1040 Abige
1227 998 1381 1026 amoue
1414 984 1484 1026 uel
1518 999 1542 1025 a
1574 987 1617 1026 te
1645 985 1809 1040 expelle
1838 986 1908 1027 ab-

150 1055 348 1098 Abactus
382 1055 436 1097 ab
471 1058 569 1097 acto
602 1058 798 1097 remotus
1107 1056 1211 1112 iuga

150 1127 219 1169 Ab
253 1127 342 1171 alto
377 1127 533 1170 deiecit
568 1126 830 1183 praecipitat
1048 1128 1244 1185 Abigeus
1287 1129 1469 1171 abactur
1508 1130 1581 1185 qui
1621 1129 1788 1171 seducit
1822 1145 1904 1172 ser·
1927 1144 1961 1169 25

148 1198 247 1241 Aba
279 1202 516 1241 matertera
548 1215 672 1241 soror
705 1199 829 1242 abiae
1108 1217 1212 1242 uum
1245 1201 1436 1242 alienum
1468 1201 1538 1243 uel
1571 1216 1703 1256 pecus

114 1283 130 1309 5
150 1270 361 1313 Abamita
394 1286 518 1313 soror
551 1272 623 1313 abi
1046 1273 1172 1314 Abiit
1205 1273 1448 1314 ambulauit
1480 1274 1681 1316 discessit

147 1343 299 1386 Abasu
330 1343 496 1385 insama
528 1344 680 1385 domus
1046 1345 1115 1386 Ab
1149 1345 1237 1387 imo
1272 1345 1322 1386 de
1356 1345 1451 1387 ioco

146 1414 337 1458 Abdicat
369 1416 530 1471 repulit
563 1415 742 1471 expellit
776 1416 938 1458 alienat
1049 1417 1118 1458 Ab
1152 1417 1278 1459 initio
1313 1432 1337 1458 a
1369 1417 1585 1473 principio

146 1486 337 1530 Abdicat
370 1488 553 1543 derogat
585 1487 778 1530 detrahit
1045 1489 1306 1531 Abitrosum
1362 1493 1581 1532 remotum
1638 1490 1779 1532 latens
1836 1491 1907 1532 ab-

146 1558 330 1601 Abdidit
363 1560 603 1602 occultauit
635 1560 865 1601 abscondit
1107 1576 1311 1603 sconsum

94 1646 127 1670 10
146 1630 284 1673 Abdit
317 1632 546 1674 abscondit
1046 1633 1207 1676 Abitus
1246 1634 1369 1676 locus
1409 1648 1537 1688 quem
1570 1650 1676 1676 auus
1709 1635 1906 1690 prosedit
1926 1651 1960 1675 30

145 1702 307 1745 Abdixi
340 1704 531 1759 distique
1044 1706 1292 1762 Abiugasse
1327 1705 1448 1748 abice
1482 1706 1695 1748 alienasse

144 1775 357 1817 Abditum
391 1777 650 1818 absconsum
686 1776 906 1818 occultum
1044 1778 1266 1834 Abiurgat
1296 1780 1431 1834 negat

144 1847 337 1891 Abducit
376 1848 598 1890 subtrahit
630 1848 773 1890 aufert
805 1851 1004 1903 asportat
1043 1851 1235 1907 Ablegat
1268 1851 1455 1906 abrogat

143 1919 323 1962 Abenus
355 1921 605 1963 retenacula
637 1921 931 1963 iumentorum
1043 1922 1199 1964 Abluit
1230 1922 1341 1964 lauit
1375 1923 1556 1964 detersit
1590 1923 1659 1965 uel
1692 1924 1814 1965 labat

92 2006 125 2032 15
148 1992 422 2036 Aberruncat
455 1994 688 2049 abstyrpat
1042 1994 1199 2036 Abluit
1231 1994 1379 2049 expiat
1410 1997 1569 2051 purgat
1602 1996 1784 2037 mundat
1923 2012 1958 2035 35

50 2075 117 2106 62Π
143 2063 310 2107 Abesse
344 2066 571 2108 abstitisse
1042 2067 1242 2109 Abnecat
1262 2066 1487 2108 infidiatur
1507 2068 1605 2122 plus
1631 2082 1761 2122 quam
1776 2070 1904 2109 necat

143 2135 212 2178 Ab
247 2137 358 2179 extit
388 2137 598 2179 intestina
629 2137 872 2180 hostiarum
1041 2138 1250 2194 Abnepus
1283 2138 1399 2180 filius
1432 2139 1607 2194 nepotis

145 2207 213 2250 Ab
245 2209 314 2251 his
348 2210 401 2251 ab
435 2210 542 2265 ipsis
1039 2210 1250 2266 Abnepus
1294 2209 1410 2252 filius
1455 2212 1711 2266 pronepotis
1752 2212 1795 2253 id
1835 2214 1903 2253 est

89 2368 123 2394 20

143 2280 414 2324 Abhominat
452 2286 588 2339 negat
620 2298 748 2325 suum
781 2298 998 2338 quemque
1098 2298 1235 2338 nepus
1269 2283 1442 2337 nepotis

143 2352 469 2397 Abhominatus
496 2358 721 2398 execratus
755 2355 999 2397 detestatus
1037 2355 1188 2397 Amita
1220 2370 1344 2397 soror
1376 2354 1515 2409 patris
1548 2355 1618 2397 uel
1653 2357 1806 2398 matris

142 2424 466 2469 Abhominatus
530 2428 726 2470 abiectus
785 2427 998 2469 demissus
1038 2427 1206 2470 Abnuit
1238 2429 1370 2483 negat
1403 2426 1473 2468 uel
1506 2429 1726 2470 consentit
1920 2444 1955 2467 40

202 2499 472 2542 anatimatus
1037 2499 1228 2541 Abolere
1245 2498 1446 2554 paenitus
1469 2499 1624 2542 tollere
1641 2501 1900 2543 obliuiscere

141 2568 354 2613 Abiectus
386 2572 567 2615 humilis
1097 2572 1168 2614 uel
1200 2571 1433 2627 neglegere

142 2641 293 2685 Abicit
324 2644 485 2699 proicit
517 2645 696 2700 expellit
1038 2643 1201 2686 Abolet
1234 2643 1361 2685 tollet
1394 2644 1445 2685 de
1478 2644 1617 2686 moria
1649 2644 1792 2686 aufert

240 2779 269 2810 1.
290 2774 446 2810 Abauus
466 2788 489 2810 a
498 2776 522 2810 cl
544 2777 549 2820 1
572 2774 705 2820 proaui
719 2775 827 2810 abde
850 2776 855 2820 l
878 2786 971 2809 auus
993 2773 1055 2808 aui
1075 2775 1184 2810 abde
1203 2775 1215 2819 11
1235 2778 1267 2809 2.
1283 2773 1331 2808 ab
1353 2776 1505 2809 auctore
1525 2775 1649 2808 motus
1664 2786 1685 2808 (ι
1706 2776 1718 2819 ΙΙ
1738 2778 1768 2809 3.
1785 2772 1900 2808 deicit

141 2834 192 2869 ab
212 2836 223 2880 ΙΙ
243 2838 276 2870 4.
304 2834 412 2869 auiae
440 2836 490 2870 ab
510 2837 521 2880 ΙΙ
542 2838 571 2869 5.
601 2834 664 2869 aui
689 2836 798 2870 abde
818 2838 828 2882 ΙΙ
850 2840 880 2871 7.
908 2833 1075 2879 reppulit
1101 2846 1124 2869 a
1143 2836 1154 2879 ΙΙ
1177 2837 1229 2870 11.
1253 2833 1385 2869 destiti
1411 2835 1442 2870 b.
1476 2833 1599 2868 distiti
1625 2834 1704 2868 acle
1724 2834 1734 2878 ΙΙ
1758 2838 1809 2867 12.
1839 2844 1897 2867 oc-

142 2893 327 2928 cultatum
354 2896 404 2930 ab
424 2896 435 2940 ΙΙ
458 2899 511 2930 14.
538 2893 748 2929 retinacula
773 2896 824 2929 ab
845 2895 856 2939 ΙΙ
878 2898 932 2929 15.
961 2893 1149 2939 abstirpat
1175 2895 1283 2929 abde
1302 2896 1313 2940 ΙΙ
1335 2898 1389 2929 19.
1416 2894 1622 2929 Abominat
1646 2895 1696 2929 ab
1716 2894 1727 2938 ΙΙ
1748 2898 1802 2928 20.
1823 2893 1898 2927 Ab·

141 2953 330 2989 ominatus
357 2956 408 2990 ab
433 2956 445 3000 ΙΙ
472 2959 526 2989 ⁶21.
554 2953 805 2989 Abominatus
832 2955 883 2989 ab
912 2957 916 3000 Ι
949 2952 1124 2988 dimissus
1150 2955 1201 2989 ab
1225 2957 1228 2999 Ι
1258 2954 1524 2989 anathematus
1552 2955 1602 2989 ab
1623 2955 1633 2998 ΙΙ
1659 2957 1714 2988 25.
1743 2953 1899 2987 abactor

142 3015 250 3050 abde
269 3017 279 3060 Η
300 3018 356 3051 27.
385 3015 430 3049 de
456 3014 538 3049 loco
565 3015 588 3049 d
607 3016 619 3060 ΙΙ
640 3019 695 3050 30.
721 3013 892 3059 possedit
918 3014 999 3049 abc
1017 3015 1028 3059 ΙΙ
1049 3017 1104 3049 31.
1133 3012 1244 3058 abige
1271 3014 1404 3049 abcde
1424 3016 1434 3060 ΙΙ
1455 3017 1510 3048 34.
1538 3013 1644 3047 lauat
1670 3013 1694 3048 cl
1713 3015 1723 3058 Η
1744 3017 1800 3048 36.
1821 3013 1897 3047 Ab-

141 3075 257 3118 negat
276 3075 411 3110 abcde
433 3075 437 3120 Ι
460 3073 611 3108 infidiat
629 3073 801 3108 omnibus
822 3086 881 3110 ac.
908 3072 1122 3108 insiduatur
1143 3075 1162 3109 b
1185 3075 1190 3119 Ι
1212 3075 1330 3118 negat
1354 3074 1488 3109 abed&
1508 3075 1518 3119 ΙΙ
1539 3077 1594 3108 37.
1622 3072 1798 3117 Abnepos
1819 3073 1867 3108 de
1887 3073 1898 3120 ΙΙ

142 3137 198 3170 38.
223 3134 399 3180 Abnepos
425 3134 474 3170 de
502 3136 507 3178 Ι
541 3133 689 3178 nepotis
715 3146 734 3170 c
762 3137 767 3179 Ι
796 3144 912 3178 nepos
938 3133 987 3168 de
1009 3134 1014 3179 Ι
1041 3132 1259 3178 pronepotis
1286 3134 1305 3169 b
1335 3136 1339 3178 Ι
1366 3135 1534 3180 sequitur
1558 3133 1600 3167 in
1625 3145 1692 3168 ac.-
1723 3133 1897 3168 Abnuere

142 3205 295 3229 renuere
323 3199 519 3239 (rennuere
545 3198 579 3239 c)
606 3205 780 3229 recusare
806 3194 971 3229 refutare
991 3195 1002 3240 Η
1023 3197 1078 3228 39.
1106 3205 1172 3229 om.
1201 3195 1247 3229 bc
1265 3194 1276 3238 ΙΙ
1296 3198 1352 3229 42.
1379 3191 1560 3228 memoria
1587 3193 1663 3228 abc
1683 3194 1694 3238 ΙΙ
