2232 3548
864 203 1136 238 PRAEFATIO
1733 205 1833 240 XXV
1843 206 1871 239 ll

120 313 279 367 absens,
317 312 436 354 Abba
461 316 582 366 pater
611 312 683 354 lice
713 326 854 367 syrani
887 316 960 367 cst,
1000 314 1190 355 Abbacac
1221 314 1478 368 amplexans,
1518 314 1776 356 Abay-tenum
1811 316 1870 356 in-

118 383 346 437 honestam,
378 383 556 425 Abdicat
585 385 721 436 filiam
752 384 911 437 repellit
933 385 981 426 de
1005 398 1078 426 sito
1104 386 1194 426 iure
1219 383 1481 439 eya-hereditat,
1514 386 1722 427 Abdicarc
1746 386 1869 438 repel—

121 455 199 496 lere
222 456 420 510 refutare,
453 455 612 496 Abdias
637 468 780 497 sericas
806 456 981 510 domini,
1007 456 1193 498 Abdaoeit
1217 457 1404 511 ncyaait,
1439 456 1608 499 Abcctos
1633 460 1873 511 caportalos,

121 527 376 568 Abeuntibus
413 526 720 577 discedentibus,
761 527 827 567 Ab
865 541 960 568 earo
997 527 1104 579 slata
1141 528 1192 568 ab
1231 528 1422 569 orientali
1452 531 1589 581 parte,
1627 528 1693 569 Ab
1732 529 1875 569 incant

118 601 250 640 aetate
280 598 331 640 ab
363 598 566 652 infantia,
605 598 734 639 Abire
773 598 962 652 circuire,
1002 598 1147 639 Abisse
1178 599 1423 654 discessisse,
1462 600 1648 653 Abiyant
1678 615 1704 641 a
1736 613 1777 642 se
1808 614 1871 641 ca·-

113 670 286 723 pellunt,
313 669 457 723 Abiyit
481 670 624 723 minat,
656 669 759 710 Abit
781 670 972 722 discessit,
1001 669 1161 710 Abitote
1187 671 1240 711 ite
1265 670 1382 724 abite,
1409 671 1589 713 Ablacero
1615 672 1765 724 laesero,
1792 671 1873 712 Ab·

118 742 194 783 lita
224 742 370 794 sopita.
419 739 515 782 Hoc
548 740 810 796 glossarium
842 740 1003 796 partim
1032 741 1218 782 contulit
1243 742 1406 796 partim
1434 743 1712 798 transcripsit
1740 742 1872 784 Gun-

118 813 440 854 dermannus

238 883 409 926 Codicis
448 883 680 924 Parisini
719 882 954 937 persimilis
994 886 1061 925 est
1100 883 1484 926 Laurentianus
1526 886 1566 927 S.
1605 885 1765 928 Marci
1804 887 1874 941 38,

119 956 491 1009 membranaceus,
523 954 605 996 165
626 954 832 996 foliorum
854 954 1015 996 saeculi
1036 954 1110 996 IX.
1156 955 1311 997 Insunt
1332 959 1503 1010 praeter
1525 957 1610 998 alia
1631 971 1738 1011 quae
1760 971 1873 998 nunc

118 1028 246 1069 mitto
295 1024 339 1083 1)
379 1026 424 1067 in
462 1026 535 1067 fol.
571 1026 839 1067 771—12611
877 1025 1122 1081 glossarum
1162 1025 1401 1068 ‘abavus'
1440 1028 1608 1082 plenior
1653 1029 1873 1080 memoria,

116 1098 163 1140 in
193 1098 264 1139 fol.
290 1097 573 1140 127Γ--145Π
600 1097 770 1152 glossae
800 1096 880 1138 ‘ab
909 1096 1118 1138 absens’
1147 1098 1321 1139 eaedem
1349 1113 1456 1153 quae
1483 1099 1528 1140 in
1555 1099 1700 1141 codice
1727 1099 1873 1140 Pari-

117 1170 232 1212 sino
266 1169 427 1211 insimt.
477 1169 545 1210 Ex
578 1168 723 1211 codice
756 1168 868 1209 haud
905 1183 1043 1223 pauca
1075 1169 1291 1223 excerpsit
1323 1169 1579 1224 Loewius,
1612 1171 1872 1225 particulam

117 1241 393 1296 transcripsit
413 1240 620 1282 Frideri
635 1255 721 1282 cus
745 1240 972 1283 Schoell:
998 1255 1048 1282 ex
1070 1241 1227 1295 quibus
1249 1241 1454 1283 subsidiis
1476 1242 1683 1297 intellexi,
1704 1245 1874 1283 tantam

117 1327 210 1354 esse
243 1312 479 1354 Parisini
519 1312 679 1354 codicis
718 1312 1068 1367 congruentiam,
1106 1315 1157 1353 ut
1196 1315 1271 1353 aut
1311 1313 1423 1354 alter
1462 1328 1513 1354 ex
1547 1313 1682 1355 altero
1717 1318 1792 1355 aut
1825 1330 1875 1355 ex

118 1384 268 1426 eodem
310 1399 408 1425 cum
448 1384 585 1425 altero
625 1383 745 1425 fonte
783 1383 960 1425 fluxisse
1000 1384 1219 1438 putandus
1260 1384 1328 1426 sit.
1400 1384 1524 1434 Quod
1570 1400 1667 1427 cum
1715 1386 1775 1427 ita
1817 1386 1875 1427 sit

117 1469 300 1510 cumque
333 1455 558 1497 Parisini
589 1455 749 1497 codicis
783 1454 958 1496 collatio
991 1458 1167 1509 praesto
1202 1458 1332 1510 esset,
1366 1454 1772 1499 Laurentianum
1804 1473 1875 1499 ne-

115 1527 235 1584 glegi
265 1542 394 1582 posse
428 1527 686 1569 existimavi.

233 1598 302 1640 Ex
335 1599 597 1655 glossariolo
631 1599 714 1640 ‘ab
748 1598 960 1641 absens’
993 1599 1060 1640 vel
1094 1613 1144 1639 ex
1172 1598 1263 1640 eius
1291 1599 1411 1640 fonte
1440 1599 1578 1641 multa
1605 1601 1876 1643 transierunt

114 1671 161 1712 in
183 1670 415 1712 codicem
436 1670 733 1712 Parisinum
752 1669 828 1711 lat.
847 1669 988 1712 10588
1013 1669 1254 1725 (Supplem.
1269 1671 1474 1727 lateo-2),
1494 1672 1874 1715 membranaceum

116 1757 228 1785 saec.
261 1741 371 1783 VIII
405 1742 621 1797 exeuntis,
663 1741 738 1796 qui
769 1741 815 1782 in
846 1741 920 1783 fol.
956 1741 1170 1784 75—138
1205 1742 1468 1797 glossarium
1501 1759 1551 1785 ex
1585 1744 1715 1785 variis
1748 1745 1874 1787 libris

117 1813 350 1856 collectum
379 1813 574 1856 continet
600 1813 884 1868 inscriptione
911 1813 1010 1856 hac:
1037 1814 1175 1856 Dauit
1200 1816 1247 1856 de
1267 1815 1414 1857 christo
1435 1819 1578 1857 cancta
1591 1817 1822 1869 profetaait
1839 1820 1877 1858 ct

115 1886 224 1939 ios-ep
255 1886 327 1938 qui
351 1899 498 1939 corpas
523 1886 683 1927 domini
707 1886 902 1938 sepeliait.
953 1886 1009 1927 In
1036 1886 1179 1928 christi
1203 1887 1368 1928 nomine
1393 1888 1539 1940 incipit
1563 1892 1875 1930 ermaneanzata

117 1958 316 1999 ceceronis
336 1957 537 1998 Abditimi
557 1958 850 2011 absconditam,
871 1958 1119 2000 Abstrasmn
1140 1962 1338 2001 remotam
1360 1959 1490 2000 latens
1510 1959 1666 2012 absc-«315,
1687 1960 1876 2013 Abnessat

114 2029 359 2083 inficiantur
382 2029 482 2082 plus
513 2043 637 2082 qaam
664 2027 714 2072 ’ἴε
741 2044 773 2070 e.
796 2044 834 2084 q.
856 2044 887 2071 s.
939 2029 1176 2085 Inscriptio
1210 2045 1235 2071 a
1267 2029 1419 2085 primis
1453 2030 1614 2086 glossis
1642 2031 1875 2072 derivanda

116 2103 193 2142 est.
235 2099 400 2141 Multae
433 2100 605 2156 glossae
638 2116 689 2143 ex
717 2100 956 2142 ‘abavus'
991 2101 1150 2157 glossis
1184 2101 1348 2157 petitae
1376 2103 1594 2158 videntur3
1627 2103 1789 2144 multae
1823 2118 1873 2144 ex

116 2171 275 2228 glossis
290 2171 371 2213 ‘ab
394 2172 452 2213 ab
464 2171 614 2228 sens',
634 2172 770 2214 veluti
784 2172 891 2214 haec
907 2172 1056 2214 series:
1073 2174 1138 2215 Ab
1152 2174 1306 2229 absens,
1322 2175 1438 2216 Abiit
1451 2175 1641 2228 discessit,
1656 2175 1875 2228 Abroyans

115 2244 187 2296 qui
212 2244 375 2296 aliquid
399 2244 519 2296 tollit,
545 2245 739 2286 Abncbus
764 2246 880 2286 extra
906 2248 1061 2299 nepote,
1088 2245 1269 2288 Abeante
1294 2249 1395 2287 etate
1420 2246 1470 2287 ab
1496 2247 1703 2298 infancia,
1730 2247 1876 2289 Abolct

116 2328 200 2356 non
226 2314 316 2369 elit,
344 2314 454 2356 aliae
482 2330 532 2357 ex
553 2315 767 2371 glossario
788 2315 1105 2358 Terentiano
1134 2317 1238 2358 olim
1260 2332 1284 2358 a
1305 2332 1372 2358 me
1395 2318 1530 2374 edito,
1558 2318 1666 2359 aliae
1689 2318 1871 2359 aliunde.

115 2385 263 2440 Atque
285 2386 418 2427 etiam
437 2386 483 2428 in
508 2387 687 2442 reliquis
714 2388 876 2429 litteris
904 2388 1052 2430 eadem
1077 2404 1143 2430 res
1166 2391 1244 2430 est.
1291 2387 1478 2430 Omnino
1505 2389 1589 2431 hoc
1610 2389 1871 2445 glossarium

115 2457 187 2498 vix
227 2457 408 2513 dignum
446 2459 562 2512 quod
600 2459 876 2514 respiciatur:
920 2474 1022 2500 nam
1062 2461 1166 2502 ordo
1213 2460 1461 2515 glossarum
1499 2461 1756 2502 arbitrarius
1796 2464 1874 2516 cst,

115 2530 165 2569 ut
197 2528 236 2569 ei
274 2528 384 2570 nihil
422 2529 610 2585 tribuas,
651 2530 771 2585 ipsae
811 2531 982 2586 glossae
1026 2531 1197 2574 aliunde
1236 2534 1366 2573 notae
1400 2532 1437 2574 si
1469 2535 1585 2574 recte
1618 2532 1705 2574 vidi
1737 2548 1872 2587 paene

118 2615 284 2642 omnes:
311 2603 536 2655 praeterea
561 2601 697 2644 tantis
725 2605 828 2644 sunt
855 2602 1033 2644 affectae
1062 2604 1283 2658 sordibus,
1310 2606 1359 2645 ut
1384 2618 1437 2645 ne
1466 2604 1761 2659 grammaticis
1784 2605 1873 2658 qui-

117 2672 213 2712 dem
245 2672 382 2713 ullum
410 2688 462 2714 ex
492 2673 576 2715 hoc
609 2673 721 2715 libro
754 2673 945 2715 fructum
971 2677 1285 2729 proventurum
1311 2689 1404 2716 esse
1435 2675 1617 2716 credam.
1669 2676 1871 2717 Ceterum

115 2743 287 2785 litteras
320 2743 359 2785 A
399 2747 443 2785 et
474 2744 510 2785 B
551 2743 681 2800 (quae
719 2745 946 2786 mutilatae
987 2743 1124 2802 sunt),
1166 2746 1272 2787 item
1307 2745 1343 2788 G
1384 2746 1613 2801 descripsit
1647 2746 1870 2789 6111111101·-

117 2829 349 2871 mannus,
383 2831 433 2857 ex
466 2816 644 2871 reliquis
677 2816 943 2858 notabiliora
976 2817 1202 2872 excerpsit.

235 2885 415 2928 Praeter
454 2902 525 2929 eos
567 2903 675 2943 quos
715 2889 963 2930 enumeravi
997 2889 1164 2931 codices
1198 2890 1331 2931 etiam
1376 2889 1670 2945 fragmenta
1703 2889 1872 2932 Mona-

117 2958 293 3000 censia
319 2961 698 3002 commemoranda
724 2963 844 3015 sunt,
869 2961 915 3002 in
943 2961 1100 3016 quibus
1129 2962 1344 3016 quomodo
1366 2961 1536 3017 glossae
1559 2961 1640 3002 ‘ab
1663 2961 1871 3002 absens'

119 3031 268 3071 extent
295 3044 427 3085 supra
453 3031 633 3086 exposui
658 3048 699 3087 p.
720 3031 891 3086 XXIII,
926 3033 1329 3074 commemorandus
1358 3032 1540 3087 denique
1569 3033 1701 3074 codex
1729 3031 1870 3074 Pari-

118 3101 262 3142 sinus
294 3101 369 3143 lat.
403 3102 507 3144 346:
541 3102 592 3144 cf.
625 3119 665 3158 p.
698 3102 861 3144 XXIII.

235 3171 300 3214 De
322 3173 382 3214 eis
404 3172 625 3216 codicibus
647 3175 804 3230 quibus
826 3175 872 3216 in
892 3178 1104 3231 apparatu
1125 3190 1227 3217 usus
1249 3191 1345 3217 sum
1366 3190 1503 3231 pauca
1516 3190 1630 3217 nunc
1645 3190 1871 3231 exponam.
