2170 3522
586 181 798 218 GLOSSAE
825 181 1009 218 CODICIS
1037 182 1396 218 SANGALLENSIS
1423 187 1490 218 912
1819 183 1903 224 287

166 292 343 335 Solatur
375 293 626 335 consulatur
1057 292 1301 349 Spopondit
1333 293 1534 349 promisit
1926 306 1960 330 30

166 363 335 406 Solidat
366 365 514 406 firmat
1057 364 1251 420 Sponsor
1281 365 1523 420 promissor

167 435 372 478 Solidudo
403 437 605 478 heremus
1057 435 1221 491 Sporca
1251 436 1544 492 ignominiosa
1575 436 1783 478 inmunda

127 520 144 544 4
166 507 429 550 Solemnitas
461 507 669 563 religiosa
702 507 950 550 sollicitudo
1057 507 1252 550 Stolidus
1287 509 1448 550 stultus

52 586 140 619 13¹7u
169 578 243 621 Sol
276 578 365 621 ruit
398 579 463 621 sol
497 579 655 622 occidit
1056 578 1397 636 Storiographus
1432 580 1565 634 storie
1599 579 1872 635 conscriptur
1935 587 2024 619 13811

164 649 333 693 Solium
366 651 473 693 sella
505 651 627 707 regia
1056 651 1328 694 Stolediosus
1362 651 1537 693 odiosus
1927 664 1961 689 35

164 722 329 766 Solitus
363 726 593 766 consuetus
1056 722 1247 778 Stropha
1276 724 1526 778 praeuersio
1559 723 1676 766 fraos
1708 724 1859 778 inffit

163 794 370 837 Sollertia
402 795 572 837 astudia
1056 794 1194 837 Stoici
1225 795 1479 850 philosophi
1511 796 1775 838 seuerissimi

163 866 313 922 Sospis
347 868 494 909 saluus
1057 866 1398 922 Stronopharius
1431 867 1630 923 inpostor

109 950 142 975 10
163 937 367 981 Solamen
400 939 606 981 solatium
1056 938 1181 981 Stola
1212 953 1349 995 genus
1381 939 1635 981 uestimenti
1669 940 1849 982 candida

162 1010 313 1053 Solum
346 1014 463 1053 terra
494 1011 794 1066 pauimentum
1054 1010 1262 1053 Sublimis
1296 1010 1411 1052 altus
1927 1023 1962 1047 40

162 1082 310 1126 Solido
342 1083 449 1126 forti
1056 1082 1249 1125 Subnixa
1281 1082 1477 1126 subiecta
1510 1083 1738 1138 supposita

164 1154 345 1198 Sordere
378 1155 586 1198 uilescere
1056 1154 1295 1211 Subrigens
1330 1155 1502 1210 erigens

162 1227 343 1270 Solensa
380 1227 592 1270 sacrificia
634 1242 776 1269 annua
813 1230 857 1269 et
899 1226 1015 1269 festa
1055 1226 1335 1282 Subpraemit
1367 1227 1594 1269 abscondit
1627 1227 1818 1269 occultat

221 1300 360 1342 solida
1054 1299 1237 1342 Subnixi
1271 1299 1527 1342 circumdati

107 1381 141 1407 15
162 1370 318 1414 Sontes
349 1374 556 1414 nocentes
1054 1371 1363 1414 Subtrectatur
1396 1371 1681 1413 substituitur
1926 1383 1960 1409 45

161 1443 446 1500 Sologysmus
491 1445 684 1486 flexuosa
725 1446 769 1485 et
813 1446 1014 1486 tortuosa
1054 1444 1256 1500 Subiegit
1287 1443 1538 1485 humiliauit

220 1517 441 1558 conclusio
1053 1515 1238 1559 Suboles
1270 1516 1501 1571 progenies
1535 1516 1615 1557 filii
1937 1525 2018 1555 139r

161 1587 271 1631 Sons
299 1603 458 1631 nocens
1054 1588 1269 1630 Subulcus
1301 1590 1453 1643 pastor
1485 1603 1716 1643 porcorum

161 1659 344 1716 Sonipes
376 1675 512 1716 equus
544 1661 726 1716 pedibus
759 1675 918 1702 sonans
1054 1660 1303 1702 Subsannat
1334 1660 1494 1702 inridet

107 1741 140 1766 19
162 1731 351 1774 Sonoras
383 1747 511 1775 uoces
545 1733 738 1789 grauiter
770 1734 975 1775 sonantes
1055 1732 1295 1774 Substituit
1327 1732 1373 1773 in
1403 1732 1500 1775 loco
1534 1731 1777 1774 decedentis
1811 1746 1907 1774 con-
1926 1744 1960 1769 50

44 1810 126 1842 138¹
161 1803 340 1860 Sopitus
379 1804 597 1848 extinctus
637 1808 680 1850 et
723 1819 875 1847 somno
921 1818 1015 1860 gra-
1113 1804 1259 1846 stituit

218 1880 348 1919 uatus
1056 1876 1143 1918 Sub
1178 1876 1284 1918 sudo
1319 1877 1397 1918 sub
1433 1876 1552 1918 caelo

161 1947 314 2004 Sopire
347 1964 603 2004 conpescere
1055 1948 1143 1991 Sub
1177 1951 1351 2004 pectore
1384 1948 1431 1990 in
1463 1947 1607 1989 animo

161 2019 288 2076 Sopit
320 2021 539 2077 quiescere
571 2021 678 2064 facit
710 2021 808 2062 finit
1054 2020 1284 2063 Sublatum
1317 2024 1491 2075 raptum

162 2092 333 2135 Sconna
365 2108 525 2148 sponsa
1054 2092 1267 2135 Subsedet
1313 2092 1552 2134 sucedendo
1598 2092 1792 2147 possedit
1837 2092 1906 2134 uel

162 2163 365 2206 Scortum
398 2165 603 2208 meretrix
1110 2165 1335 2220 paulolum
1368 2164 1478 2206 sedit

107 2247 141 2272 25
162 2236 381 2279 Sodalitas
415 2238 616 2280 amicidia
1054 2236 1291 2279 Sublimior
1324 2237 1455 2278 altior
1924 2248 1958 2273 5⁵

162 2308 340 2351 Sodales
374 2310 480 2352 socii
512 2310 730 2352 latronum
764 2312 808 2351 et
840 2309 968 2351 amici
1054 2308 1266 2365 Subrigat
1299 2308 1502 2351 subsistit

161 2380 346 2436 Spondit
377 2382 599 2437 promittit
1054 2381 1300 2437 Subparent
1333 2381 1536 2436 supplent
1567 2383 1721 2435 parent

162 2451 325 2508 Sponte
358 2454 584 2495 uoluntate
616 2453 733 2496 ultro
1058 2453 1278 2496 Substetit
1309 2453 1533 2508 paulolum
1567 2452 1692 2494 stetit

164 2523 314 2580 Spolia
347 2541 429 2581 que
463 2525 605 2568 occiso
638 2523 809 2583 horte1)
842 2526 1015 2567 tollitur
1055 2524 1323 2567 Subtexsunt
1357 2527 1582 2580 opponunt

256 2656 290 2700 1)
314 2667 333 2689 r
352 2667 470 2701 paene
495 2667 599 2691 erasa
618 2657 629 2702 11

257 2767 286 2799 1.
315 2763 464 2799 Solator
488 2765 538 2800 cd
565 2766 570 2807 1
599 2763 813 2799 consolatur
838 2765 899 2801 ab.
951 2763 1162 2799 consolator
1187 2764 1237 2800 cd
1261 2766 1273 2810 11
1302 2768 1334 2800 3.
1361 2762 1531 2799 solitudo
1558 2765 1721 2811 abcl114.
1750 2763 1905 2799 Sollem-

159 2823 260 2859 nitas
287 2836 336 2860 ac
383 2828 387 2870 1
433 2823 664 2869 religiositas
697 2826 735 2859 et
766 2824 981 2859 sollicitudo
1014 2826 1092 2860 abc
1134 2826 1145 2870 11
1189 2829 1220 2859 5Δ
1249 2824 1386 2860 cecidit
1417 2826 1467 2860 ab
1511 2827 1522 2870 11
1566 2828 1597 2859 8.
1625 2823 1767 2858 astutia
1793 2825 1870 2859 abc
1894 2824 1906 2870 11

161 2888 190 2919 9.
220 2884 355 2930 Sospes
381 2886 433 2920 ab
465 2887 476 2930 11
511 2889 564 2920 10.
593 2884 775 2919 solacium
801 2886 852 2920 ab
881 2887 893 2930 11
925 2888 979 2919 13.
1007 2895 1073 2919 om.
1101 2885 1212 2919 abed
1236 2887 1247 2928 11
1274 2887 1329 2919 14.
1357 2883 1561 2919 Sollemnia
1587 2885 1663 2919 abc
1682 2887 1694 2929 11
1717 2888 1768 2919 16.
1798 2883 1905 2918 Sillo-

160 2943 302 2989 gismus
329 2946 349 2980 b
380 2946 391 2991 11
423 2949 478 2980 23.
508 2956 664 2989 sponsus
690 2946 774 2981 abd
804 2947 815 2990 11
847 2949 904 2980 25.
931 2943 1099 2979 amicitia
1125 2956 1174 2980 ac
1199 2947 1209 2990 11
1236 2948 1291 2980 27.
1319 2944 1487 2989 Spondet
1512 2945 1562 2979 ab
1581 2946 1593 2989 11
1618 2948 1673 2979 29.
1701 2943 1810 2978 hoste
1835 2943 1904 2978 tol—

160 3004 288 3039 luntur
313 3006 368 3040 ab
386 3006 399 3051 11
424 3008 479 3040 3-2.
508 3003 649 3048 Spurca
675 3005 699 3039 d
717 3006 728 3050 11
749 3010 803 3042 34.
832 3004 946 3053 storie
974 3003 1132 3049 scriptor
1158 3006 1208 3040 ab
1228 3007 1239 3050 11
1260 3009 1316 3040 35.
1343 3004 1566 3039 Stolidiosus
1594 3004 1670 3039 abc
1689 3004 1700 3048 11
1721 3008 1775 3039 36.
1803 3002 1905 3038 fraus

161 3065 273 3100 abed
291 3067 303 3109 11
323 3068 379 3100 38.
407 3063 648 3109 Stropharius
675 3066 726 3100 ab
746 3067 757 3110 11
777 3070 833 3101 39.
860 3063 1012 3100 candidi
1037 3065 1088 3100 ab
1114 3067 1125 3110 11
1153 3068 1209 3100 41.
1237 3064 1412 3099 Subnexa
1437 3065 1488 3099 ab
1508 3067 1518 3110 11
1538 3068 1594 3098 45.
1622 3063 1905 3098 Subtrectamur

162 3123 426 3159 substituimur
451 3125 505 3160 ab
536 3127 547 3168 11
578 3127 635 3160 46.
662 3124 830 3160 Subiccit
855 3126 932 3160 abc
963 3126 974 3168 11
1005 3127 1061 3159 50.
1088 3123 1212 3158 locum
1237 3125 1288 3159 ab
1313 3126 1325 3170 11
1353 3128 1410 3160 54.
1432 3123 1689 3158 succendendo
1716 3135 1764 3158 ac
1786 3126 1790 3168 1
1813 3134 1903 3168 pau-

162 3182 279 3217 lulum
299 3185 350 3219 ab
373 3185 379 3230 1
402 3184 508 3218 sedet
533 3185 584 3219 ab
603 3186 615 3229 11
635 3187 690 3220 58.
710 3185 907 3230 paululum
933 3185 984 3220 ab
1003 3185 1014 3229 11
1035 3187 1090 3219 59.
1118 3183 1329 3219 Subtexunt
1353 3185 1407 3219 ab
1426 3186 1438 3229 11
