2170 3522
629 175 839 212 GLOSSAE
866 176 1049 212 CODlClS
1079 178 1306 212 VATICANI
1332 182 1421 213 3321
1866 182 1888 222 7

154 285 403 341 Agnonitus
437 286 510 340 qui
541 286 650 328 nulli
683 286 973 329 communicat
1041 287 1251 329 Adoritur
1284 288 1480 343 gignitur
1511 290 1705 331 nascitur

153 356 386 398 Actuarius
420 359 517 398 acta
550 358 623 412 qui
655 357 760 400 facit
1040 358 1159 401 Adeo
1187 360 1405 401 intantum
1432 376 1486 402 an
1512 361 1636 402 ualde
1663 361 1890 418 niaxime4)

154 427 347 470 Accentu
378 428 545 483 impetu
1099 431 1206 472 satis

154 499 371 542 Aceruum
403 500 555 558 dolore
582 501 758 555 plenum
1039 502 1106 544 Ad
1140 503 1432 555 extollendum
1466 504 1518 545 ad
1552 504 1811 546 laudandum

117 581 133 606 5
153 571 276 613 Actis
311 571 472 613 coactis
505 572 573 613 uel
608 571 803 626 conpulsi
1038 573 1245 615 Adlatum
1279 575 1557 629 adportatum

82 649 117 680 5¹
151 642 349 698 Accisa¹)
384 658 434 684 ex
467 643 583 684 omni
616 645 738 698 parte
772 644 965 697 praecisa
1039 645 1286 700 Adigebant
1319 646 1532 700 cogebant
1909 660 1943 683 30

151 713 307 756 Acrior
338 714 564 756 molestior
1040 716 1288 757 Adsolitum
1322 717 1504 758 adlitum

149 785 367 841 Accingor
399 786 569 828 munior
1038 787 1203 843 Adycla
1235 788 1497 829 domesticus

150 856 353 899 Accierat
386 860 699 899 conuocauerat
1040 859 1202 914 Adycle
1235 858 1501 914 pedisequi5)
1535 861 1604 901 uel
1636 863 1811 904 lenones

97 940 129 963 10
150 929 263 971 Acta
295 944 488 971 secessus
520 929 590 970 uel
624 945 828 971 amoenus
1039 931 1296 973 Adtaminat
1328 934 1509 985 usurpat
1541 932 1611 973 uel
1644 933 1842 987 inquinat

150 1001 379 1043 Accelerat
430 1000 749 1055 adpropinquat
804 1002 1001 1043 celeriter
1038 1002 1238 1044 Adsciuit
1271 1002 1455 1044 sociauit
1487 1003 1552 1043 uel
1587 1004 1835 1046 coniuncxit

208 1073 328 1114 uenit
1041 1074 1345 1115 Adsectatores
1378 1073 1622 1116 imitatores

148 1145 275 1188 Acies
287 1143 321 1202 2)
355 1159 535 1187 acumen
562 1145 785 1187 oculorum
812 1145 879 1186 uel
907 1145 996 1200 gla-
1038 1145 1144 1186 Adit
1177 1145 1312 1186 intrat
1343 1145 1412 1186 uel
1444 1145 1617 1200 inpellit

207 1217 265 1258 dii
1035 1216 1103 1258 Ad
1135 1216 1464 1272 prestolandum
1498 1206 1887 1260 adobsccrandum

147 1289 337 1331 Actenus
371 1303 506 1343 usque
538 1288 620 1330 hac
1097 1289 1166 1330 uel
1200 1288 1502 1330 sustinendum

146 1360 319 1403 Accidit
352 1359 497 1401 euenit
1037 1360 1241 1402 Adfectat
1273 1360 1369 1402 uult
1403 1363 1477 1402 aut
1510 1361 1725 1403 desiderat

94 1440 127 1465 15
146 1431 344 1474 Accersit
375 1434 528 1473 euocat
1035 1432 1230 1475 Adfatim
1263 1431 1451 1487 optimae
1485 1432 1664 1487 loquens
1905 1446 1939 1469 40

144 1503 385 1558 Acceptum
417 1506 592 1559 gratum
1034 1504 1250 1546 Adfauilis
1284 1504 1553 1546 delectauilis

144 1574 387 1617 Aeoluthus
420 1575 727 1627 subdiaconus]
1036 1576 1233 1618 Adornat
1265 1576 1362 1630 plus
1396 1591 1523 1630 quam
1558 1579 1684 1617 ornat

144 1647 325 1688 Affatim
359 1647 551 1689 abundae
585 1646 692 1688 satis
1034 1649 1231 1703 Adoptat
1264 1647 1429 1689 adfiliat

264 1719 327 1761 De
361 1735 386 1760 a
418 1722 460 1760 et
493 1719 519 1760 d
1034 1720 1210 1761 Adserit
1243 1719 1349 1760 dicit
1381 1719 1450 1760 uel
1483 1720 1684 1761 adfirmat

91 1798 124 1822 20
144 1790 313 1832 Adimit
346 1791 463 1832 tollit
495 1792 563 1833 uel
596 1793 728 1847 negat
1033 1791 1101 1833 Ad
1122 1791 1432 1833 sciscitandum
1454 1791 1507 1832 ad
1526 1791 1885 1847 interrogandum
1905 1802 1940 1827 45

144 1862 413 1916 Adipiscitur
446 1863 726 1918 consequitur
758 1866 833 1904 aut
864 1863 994 1918 impe·
1033 1864 1101 1905 Ad
1141 1862 1450 1918 explorandum
1490 1863 1542 1904 ad
1583 1863 1886 1917 inquirendum

201 1937 270 1976 rat
1033 1935 1243 1977 Adoritur
1277 1934 1529 1990 adgreditur

143 2005 308 2048 Adficis
342 2006 503 2062 affligis
536 2007 604 2048 uel
638 2006 843 2062 obiurgas
1032 2007 1395 2049 Adulciscendum
1428 2006 1480 2047 ad
1512 2005 1825 2048 defendendum

142 2077 379 2120 Adstruere
413 2078 610 2132 edificare
642 2079 711 2120 uel
746 2080 917 2120 firmare
930 2077 962 2135 3)
1032 2078 1189 2120 Adurit
1220 2077 1413 2119 incendit

91 2158 124 2181 24
145 2148 373 2205 Adrogans
407 2165 616 2204 superuus
1033 2150 1246 2204 [Adeptus
1281 2150 1510 2203 adsecutus
1543 2150 1610 2192 uel
1645 2150 1883 2204 adquisiuit
1902 2160 1937 2186 50

74 2224 117 2254 5¹¹
143 2220 255 2263 Adio
288 2221 507 2277 ingredior
1031 2221 1196 2263 Adnuit
1229 2221 1446 2263 consentit

240 2400 274 2443 1)
300 2397 432 2433 Accisa
458 2403 491 2434 et
515 2398 686 2443 praecisa
711 2411 802 2435 corr.
823 2412 868 2435 m.
889 2404 914 2435 2
934 2400 1001 2444 112)
1027 2398 1061 2433 ci
1086 2400 1128 2434 in
1151 2409 1222 2434 ras.
1250 2409 1340 2434 corr.
1367 2410 1411 2433 m.
1439 2403 1464 2434 2
1483 2400 1495 2443 ΙΙ
1515 2400 1550 2443 3)
1577 2398 1683 2432 firma
1708 2400 1750 2433 in
1774 2410 1846 2434 ras.
1871 2398 1884 2443 Η

142 2459 178 2504 4)
203 2470 222 2493 e
248 2470 292 2494 ex
319 2470 379 2492 um
404 2470 449 2493 m.
475 2462 500 2494 2
523 2469 614 2493 corr.
635 2460 701 2502 115)
723 2463 807 2504 post
833 2471 848 2492 s
874 2462 1058 2504 expuncta
1084 2471 1099 2492 s
1119 2460 1130 2504 ΙΙ

240 2619 268 2649 1.
285 2613 489 2648 Acnonitus
510 2626 534 2648 a
552 2614 563 2658 Η
583 2618 614 2648 2.
630 2613 828 2648 Actoarius
848 2626 872 2648 a
891 2615 902 2659 Η
922 2616 953 2649 5.
966 2614 1027 2648 uel
1047 2626 1113 2650 om.
1129 2627 1152 2650 α
1173 2615 1178 2659 Ι
1201 2614 1389 2659 conpulsis
1410 2627 1433 2650 α
1452 2615 1463 2660 ΙΙ
1484 2620 1514 2650 6.
1537 2614 1707 2649 Accisam
1728 2627 1751 2647 α,
1774 2616 1778 2659 1
1801 2626 1881 2659 pre-

142 2675 256 2709 cisam
284 2687 308 2709 ιι
332 2677 343 2719 ΙΙ
373 2678 404 2709 9.
432 2674 599 2718 Aggerat
624 2686 648 2708 α
672 2674 683 2718 Η
712 2677 765 2708 10.
792 2673 851 2708 ucl
878 2685 944 2708 om.
966 2686 989 2708 ιι
1011 2675 1015 2718 Ι
1039 2673 1181 2721 amenis
1207 2686 1231 2708 a
1250 2676 1261 2719 ΙΙ
1284 2678 1336 2709 12.
1363 2686 1429 2710 om.
1457 2688 1480 2709 a
1499 2676 1509 2719 [Ι
1532 2679 1585 2710 17.
1612 2674 1780 2709 Aeolitus
1804 2675 1883 2708 sine

144 2736 458 2779 intempretcmncnto
484 2746 507 2768 a
525 2734 536 2777 ΙΙ
559 2736 612 2767 18.
640 2732 808 2767 Adfatim
834 2745 883 2768 ac
901 2734 913 2777 ll
935 2736 988 2768 19.
1009 2736 1074 2767 oin.
1096 2734 1176 2768 abc
1195 2734 1207 2777 l}
1226 2738 1280 2768 20.
1309 2734 1369 2768 uel
1395 2746 1460 2769 om.
1482 2746 1530 2769 ac
1549 2736 1560 2778 ΙΙ
1581 2739 1634 2769 21.
1656 2746 1721 2769 om.
1743 2746 1767 2768 α
1789 2737 1792 2777 ξ
1816 2735 1882 2768 aut

141 2806 207 2829 om.
234 2806 252 2829 c
282 2796 293 2839 11
325 2798 380 2828 2⁶2.
408 2792 469 2827 uel
495 2791 670 2836 obiurgas
697 2803 785 2827 ome
816 2794 827 2837 ΙΙ
859 2796 912 2826 23.
942 2791 1001 2825 uel
1027 2803 1093 2827 om.
1120 2804 1144 2826 a
1166 2792 1170 2838 Ι
1193 2792 1253 2826 uel
1280 2792 1425 2827 firmare
1451 2805 1516 2828 om.
1543 2806 1562 2829 0
1580 2795 1591 2839 ΙΙ
1617 2797 1672 2828 24.
1700 2792 1880 2837 superbus

141 2866 190 2888 ac
220 2856 231 2898 ΙΙ
263 2858 319 2888 27.
347 2853 410 2898 an]
439 2853 505 2886 aut
530 2863 548 2887 c
570 2854 574 2895 1
597 2851 758 2886 maxime
784 2851 844 2886 uel
872 2850 964 2885 satis
990 2863 1024 2886 a.
1063 2863 1129 2886 om.
1157 2863 1175 2886 c
1205 2852 1216 2896 ΙΙ
1249 2855 1303 2886 31.
1330 2851 1518 2886 Asolitum
1543 2864 1561 2888 c
1585 2855 1588 2896 Ι
1612 2851 1773 2885 adlisum
1799 2852 1845 2886 bc
1870 2852 1881 2897 ᾖ]

142 2918 196 2948 32,
224 2911 411 2946 Adsecula
437 2912 517 2946 abc
548 2911 559 2954 ΙΙ
591 2915 644 2945 33.
673 2910 858 2946 Adsecule
885 2912 941 2946 bc.
986 2910 1146 2945 Adseclc
1172 2924 1196 2946 a
1218 2913 1222 2956 Ι
1245 2911 1449 2956 pedesequi
1475 2913 1552 2947 abc
1583 2915 1593 2957 ΙΙ
1626 2916 1681 2945 35.
1708 2910 1881 2945 Adscidit

141 2985 185 3007 ω]
205 2970 376 3005 Abscidit
402 2983 419 3006 c
441 2973 445 3013 Ι
469 2969 628 3005 sociabit
653 2982 671 3005 c
693 2973 697 3015 Ι
721 2970 780 3004 uel
806 2982 871 3005 om.
893 2970 970 3005 abc
993 2971 997 3014 Ι
1021 2969 1212 3005 coniunxit
1238 2973 1284 3006 bc
1302 2973 1313 3016 ΙΙ
1334 2976 1389 3007 37.
1409 2971 1508 3005 Adid
1529 2984 1552 3006 (ι
1574 2973 1578 3015 Ι
1602 2971 1661 3005 uel
1687 2982 1752 3006 om.
1773 2972 1850 3007 abc
1872 2972 1875 3017 Ι

142 3031 301 3076 inpellat
326 3043 359 3065 a.
398 3029 615 3074 interpellat
642 3031 687 3065 bc
706 3031 716 3074 ΙΙ
737 3033 791 3064 38.
814 3029 1089 3073 opseruandum
1115 3042 1133 3064 c
1156 3032 1160 3076 Ι
1184 3029 1243 3064 uel
1270 3030 1546 3074 sustinendum,
1572 3031 1667 3076 quod
1691 3041 1710 3065 c
1735 3032 1879 3075 mnittz't,

141 3093 182 3125 z’n
206 3092 310 3136 yloss.
334 3094 380 3125 39
400 3094 484 3135 post
510 3090 576 3123 aut
600 3090 759 3124 inm-aun
784 3090 826 3123 in
850 3100 874 3122 a
893 3089 904 3132 ΙΙ
923 3091 978 3123 39.
1001 3089 1066 3122 aut
1091 3100 1157 3123 om.
1178 3090 1256 3124 abc
1275 3091 1286 3134 ΙΙ
1306 3094 1361 3125 40.
1383 3088 1573 3124 Adfactim
1598 3101 1616 3125 c
1638 3091 1642 3134 Ι
1666 3088 1806 3126 obtime
1831 3102 1850 3126 c
1867 3090 1879 3135 Ι]

143 3154 199 3184 41.
226 3148 412 3183 Adfabilis
439 3161 488 3184 ac
509 3150 514 3193 1
538 3147 774 3183 delectabilis
801 3160 850 3184 ac
868 3149 880 3193 ΙΙ
900 3152 954 3183 44.
981 3147 1042 3182 uel
1068 3160 1134 3183 om.
1161 3149 1238 3184 abc
1257 3150 1269 3194 ΙΙ
1572 3144 1575 3146 .
