2170 3522
794 194 1007 230 GLOSSAE
1034 193 1251 228 AFFATIM

139 306 361 348 Portenda
394 305 521 361 signa
553 305 623 346 uel
656 305 876 347 mirabilia

138 377 351 420 Portenta
385 380 634 419 inostruosa
666 377 793 433 signa

138 449 247 492 Post
284 450 410 491 unius
436 452 539 505 post
565 449 736 491 obitum
762 449 904 505 patris
931 465 1002 491 na-

197 524 269 564 tus
303 537 328 564 a
359 521 610 577 posthimus

136 594 418 637 Postlimium
453 594 527 649 qui
559 596 662 649 post
695 593 1001 648 captiuitatem

198 666 438 708 reuertitur
460 666 513 708 ad
535 666 630 707 iura
645 681 777 721 quam
794 666 1002 708 amiserat

101 750 118 775 5
137 738 310 781 Posteri
343 742 499 794 postea
530 739 624 781 nati

138 811 324 853 Postera
357 811 424 852 die
457 811 595 852 altera
629 811 696 853 die

136 883 383 926 Posteritas
399 883 624 939 generatio
640 883 912 938 subsequens
926 898 947 924 a
956 886 1001 924 ut

196 956 417 1013 posterior
449 955 677 1012 generatio

137 1029 442 1072 Procrastinat
475 1027 643 1070 deferat

137 1101 452 1144 Postulatitius
486 1100 560 1142 ille
594 1101 668 1156 qui
704 1101 954 1156 postulatur

83 1185 117 1211 10
136 1173 276 1217 Posco
309 1176 412 1229 peto
446 1173 515 1215 uel
547 1172 775 1229 interrogo

136 1246 320 1289 Poscere
353 1245 628 1302 interrogare

136 1318 328 1361 Posuere
362 1317 630 1361 constituere

136 1391 286 1434 Poties
319 1393 447 1446 potes

136 1463 354 1507 Potuendi
387 1464 557 1505 fruendi

82 1547 114 1573 15
136 1537 313 1579 Potitur
346 1535 507 1578 fruitur
540 1536 798 1591 adipiscitur

136 1609 291 1652 Potior
311 1609 434 1651 fruor
449 1611 526 1650 aut
542 1609 740 1665 superior
756 1612 831 1651 aut
848 1610 1002 1651 melior

135 1681 402 1724 Potissimus
436 1682 632 1737 potiores

136 1754 374 1797 Potiuntur
406 1753 612 1796 fruuntor

135 1827 312 1870 Potitus
344 1826 574 1882 possidens

80 1911 114 1935 20
134 1899 306 1942 Probus
339 1899 482 1941 bonus

135 1971 270 2015 Probi
303 1971 481 2027 probati

133 2044 411 2087 Probitatem
443 2043 723 2087 honestatem

133 2117 383 2159 Probabilis
417 2117 570 2159 doctus

135 2189 417 2232 Problemate
452 2190 705 2245 questiones

82 2272 116 2298 25
136 2262 371 2304 Problema
403 2262 649 2317 propositio

134 2334 371 2377 Problema
403 2335 616 2390 parabula

135 2406 295 2450 Procul
327 2407 458 2463 longe

136 2479 297 2523 Procul
330 2479 483 2535 procul
515 2479 647 2535 longe
680 2479 856 2537 longius

136 2551 295 2595 Procul
335 2551 467 2594 dubio
504 2551 635 2608 longe
669 2567 695 2594 a
727 2553 1001 2597 dubitatione

82 2634 117 2660 30
136 2625 255 2668 Pone
288 2640 424 2681 prope
457 2624 580 2666 iuxta
612 2627 656 2666 et
687 2628 869 2681 propter

137 2697 281 2740 Poene
314 2696 508 2740 tribunal
543 2699 645 2740 ante
679 2697 873 2741 tribunal

134 2769 220 2812 Pro
252 2772 407 2812 nostra
438 2772 539 2812 ante
571 2773 725 2812 nostra

136 2841 419 2884 Pronubante
453 2841 694 2885 adsistente

1815 191 1903 234 555

1040 305 1248 346 Pronuba
1280 304 1582 360 paranympha

1042 376 1250 418 Pronubu
1284 377 1357 431 qui
1390 376 1557 431 nuptiis
1591 376 1803 417 auxilium
1829 377 1906 418 dat
1925 388 1958 413 35

1042 449 1255 491 Procerus
1288 450 1447 504 longus
1480 451 1557 490 aut
1588 449 1706 490 latus

1043 521 1251 563 Proceres
1290 520 1502 576 primates
1542 520 1628 562 uiri
1667 521 1795 563 electi
1829 524 1905 564 aut

1102 593 1322 648 principes
1355 592 1524 647 priores
1557 592 1626 634 uel
1659 592 1767 635 iusti

1042 664 1242 707 Proceris
1275 667 1456 706 ornatus

1042 737 1242 779 Procella
1273 736 1425 792 pluuia
1457 740 1533 778 aut
1567 740 1805 793 tempestas

1040 809 1264 852 Procellas
1298 810 1505 865 tempesti
1537 809 1689 852 uiuent
1926 822 1961 844 40

1042 882 1329 925 Prouinctum
1364 883 1623 938 adparatum

1042 954 1207 996 Procax
1240 955 1454 997 uerbosus
1487 955 1557 996 uel
1591 955 1802 1011 inprobus
1831 960 1906 999 aut

1103 1027 1316 1082 superbus

1040 1100 1295 1143 Procacitas
1328 1099 1587 1155 inpudentia

1040 1172 1257 1229 Prodigus
1296 1171 1498 1227 proditus
1539 1171 1584 1213 in
1622 1173 1796 1217 feminis
1831 1179 1907 1218 aut

1102 1260 1279 1287 euersor
1313 1247 1388 1286 aut
1420 1259 1607 1300 persona
1641 1247 1782 1302 turpis

1043 1317 1260 1374 Prodigus
1300 1317 1580 1372 dispensatur
1619 1334 1796 1362 euersus
1831 1324 1907 1363 aut
1927 1328 1961 1351 *¹5

1103 1390 1194 1432 sine
1230 1390 1380 1432 ordine

1044 1462 1300 1519 Prodigium
1340 1462 1579 1505 deformem
1621 1464 1796 1520 signum
1831 1470 1907 1508 aut

1103 1538 1380 1577 monstruum

1040 1606 1262 1664 Prodigiis
1310 1607 1471 1650 futuris
1517 1609 1785 1652 dictionibus
1832 1615 1908 1654 aut

1101 1679 1240 1736 signis

1040 1753 1249 1795 Prodedit
1289 1753 1461 1808 decepit
1499 1753 1568 1795 uel
1603 1755 1907 1810 suppl-<uitauit

1042 1825 1248 1867 Proditor
1279 1825 1589 1881 subplantator
1616 1828 1805 1870 traditor
1833 1832 1908 1871 aut

1100 1899 1310 1953 deceptor

1042 1971 1279 2013 Productio
1314 1971 1486 2013 eductio
1521 1971 1753 2027 disciplina
1926 1980 1960 2004 ³0

1043 2043 1299 2099 Profligatio
1334 2042 1516 2086 afflictio

1040 2116 1333 2172 Profligatum
1368 2115 1618 2158 absolutum

1042 2189 1283 2245 Profligare

1103 2262 1346 2304 coadunare

1041 2334 1296 2391 profligatis
1331 2333 1565 2376 transactis

1042 2407 1262 2464 Profugus
1302 2422 1433 2462 porro
1473 2406 1652 2463 fugatus
1693 2408 1761 2449 uel
1796 2408 1962 2465 fugi-55

1101 2479 1220 2522 tinus
1254 2478 1325 2521 uel
1358 2479 1409 2521 de
1442 2479 1587 2534 patria
1619 2479 1772 2534 pulsus

1042 2551 1281 2595 Profanum
1314 2551 1535 2594 inlicitum

1042 2624 1253 2667 Profanat
1286 2623 1425 2665 uiolat

1040 2697 1231 2739 Profana
1262 2696 1435 2752 polluta

1040 2770 1313 2812 Profundum
1348 2769 1486 2810 altum
1520 2769 1766 2811 demersum

1039 2841 1249 2884 Profatur
1280 2841 1478 2897 loquitur
1925 2850 1960 2874 6⁰

1349 2189 1532 2231 celerius
1598 2204 1770 2232 comare
1831 2195 1907 2234 aut

1932 2772 2001 2804 43u

234 2976 265 3007 1.
292 2972 474 3008 Portenta
501 2973 521 3008 b
541 2974 552 3018 ΙΙ
572 2978 604 3008 2.
632 2975 872 3008 monstruosa
899 2975 950 3009 ab
977 2975 989 3019 ΙΙ
1015 2978 1046 3009 3.
1075 2973 1275 3008 Postumus
1303 2974 1322 3008 b
1345 2976 1350 3018 Ι
1374 2974 1412 3020 a]
1441 2972 1537 3007 alius
1566 2974 1596 3008 b.
1643 2973 1683 3007 et
1708 2974 1814 3017 α118.
1843 2973 1905 3008 de-

137 3033 234 3068 feret
264 3045 298 3069 a.
346 3031 484 3068 deferit
517 3034 536 3069 b
581 3035 593 3078 ΙΙ
640 3037 694 3070 17.
727 3033 950 3069 Potissimos
983 3035 1004 3070 b
1047 3036 1058 3080 ΙΙ
1105 3037 1158 3069 18.
1193 3034 1368 3068 fruuntur
1403 3034 1455 3069 ab
1499 3034 1510 3077 ΙΙ
1554 3037 1609 3069 26.
1637 3032 1823 3077 parabola
1849 3034 1869 3068 b
1895 3067 1905 3077 ¹,

137 3097 194 3128 31.
221 3092 322 3128 Pone
349 3094 370 3129 b
408 3094 419 3138 ΙΙ
458 3096 514 3129 35.
542 3092 718 3129 Pronuba
744 3095 796 3130 ab
841 3096 853 3139 ΙΙ
897 3098 954 3130 40.
981 3093 1204 3139 tempestiui
1229 3093 1335 3129 uenti
1361 3095 1412 3130 ab
1449 3095 1461 3138 ΙΙ
1498 3097 1555 3128 41.
1582 3092 1822 3128 Procinctum
1850 3094 1870 3129 b
1906 3098 1907 3136 ζ

138 3158 194 3189 45.
223 3152 466 3198 dispensator
491 3154 543 3189 ab
568 3156 572 3198 Ι
596 3164 747 3189 euersor
773 3156 793 3191 b
825 3156 836 3199 ΙΙ
868 3158 924 3190 46.
952 3156 1163 3189 monstrum
1190 3156 1210 3190 b
1242 3157 1253 3201 ΙΙ
1284 3157 1341 3189 48.
1369 3152 1543 3189 Prodidit
1568 3154 1588 3189 b
1609 3154 1621 3198 ΙΙ
1646 3156 1702 3189 53.
1731 3154 1798 3188 aut
1823 3164 1907 3199 pro-

137 3212 247 3249 ficere
274 3214 342 3249 aut
367 3213 580 3249 coadunare
607 3215 627 3250 b
647 3217 658 3261 [Ι
