2170 3522
583 184 794 221 GLOSSAE
822 184 1007 221 CODICIS
1034 184 1394 221 SANGALLENSIS
1421 189 1488 220 912

155 294 389 352 Priuignus
421 296 537 338 filius
569 296 715 338 uxoris
751 296 931 338 alterius

155 366 383 409 Primilum
426 383 630 410 numerus
674 368 827 422 militie
868 367 1010 423 primo

213 440 425 495 probatus

157 509 399 552 Pristinum
430 511 621 566 priorem
654 511 835 566 antiqua

155 581 308 624 Priuat
340 583 561 625 subtrahit

121 666 138 692 5
158 653 331 697 Primor
361 655 483 711 prior

156 724 376 769 Primores
408 726 575 782 priores

155 797 299 841 Priuis
333 798 518 855 singulis
550 798 736 854 priuatis

40 880 130 912 110u
155 868 327 912 Pridiae
359 870 454 912 heri

156 940 384 998 Pospridie
419 942 514 998 odie

105 1028 137 1053 ιο
157 1012 462 1069 Primoperum
495 1029 631 1072 genus
660 1015 794 1058 officii

155 1085 435 1142 Priuiligium
477 1087 652 1143 priuata
691 1091 757 1130 est
796 1088 865 1130 lex
905 1102 1014 1142 quae

216 1158 269 1200 ad
301 1161 343 1200 te
376 1162 576 1214 pertenet
609 1162 781 1202 tantum

155 1229 307 1273 Prisca
340 1231 520 1287 antiqua

156 1302 305 1345 Prima
338 1303 458 1358 quies
489 1304 682 1360 primum
714 1319 916 1346 somnum

156 1373 407 1432 Primignus
440 1376 760 1434 primogenitus

106 1461 140 1487 15
160 1446 334 1489 Pridem
367 1450 494 1490 antea
526 1449 687 1491 dudum

158 1518 452 1562 Primordium
483 1519 663 1562 initium

158 1590 466 1648 Primiuirgius
480 1592 739 1634 cauallarius
753 1593 868 1648 quod
876 1593 1018 1649 prima

219 1666 284 1705 est
317 1663 478 1706 militia
510 1665 646 1720 ipsius
679 1665 724 1707 in
756 1665 895 1722 uisgis

158 1734 250 1778 Poa
290 1750 426 1792 genus
466 1737 599 1792 herbe
638 1737 714 1779 ubi
754 1738 1017 1781 uestimenta

218 1808 423 1850 labantur

159 1879 315 1922 Polum
349 1881 515 1923 caelum

105 1969 139 1994 20
158 1951 373 1995 Poederes
407 1954 690 1997 sacerdotalis
723 1955 839 1998 linea

158 2024 352 2067 Pollulat
385 2026 602 2082 germinat

43 2108 126 2141 111r
159 2090 325 2139 Polluit
357 2097 605 2154 inquinauit

160 2168 345 2212 Polenta
377 2184 513 2227 genus
547 2173 614 2213 est
646 2171 873 2228 liguminis

160 2239 402 2285 Pollinctus
429 2243 634 2286 ultimum
654 2244 818 2287 honore
840 2244 1018 2287 affectus

220 2314 264 2356 id
297 2317 363 2357 est
393 2315 600 2359 humatus

109 2401 142 2428 25
163 2385 298 2428 Pollit
330 2387 486 2430 criscet

1820 184 1905 225 273

1050 296 1223 338 Pollens
1256 310 1451 338 crescens
1484 295 1643 338 florens
1675 294 1829 350 uigens
1843 293 1873 350 ¹)

1050 368 1258 410 Polinton
1289 368 1364 409 ubi
1396 368 1615 409 kadauera
1646 369 1868 422 ponuntur

1051 439 1213 481 Poema
1246 454 1419 481 carmen
1450 439 1672 495 poeticum

1054 511 1264 553 Poenates
1298 511 1357 553 dii
1390 511 1514 567 quasi
1547 511 1776 554 domestici

1052 582 1292 638 Populatus
1325 583 1531 638 predatus
1564 586 1763 626 uastatus
1928 596 1962 621 30

1052 654 1248 710 Poplites
1282 654 1482 710 genicula
1515 671 1754 698 concauum

1052 727 1310 770 Portentum
1349 727 1523 783 signum
1560 728 1808 770 futurarum
1841 727 1910 770 ad-

1110 799 1317 841 nuntians

1053 871 1261 914 Porrecta
1293 871 1482 927 undique
1516 875 1694 915 extensa

1053 944 1188 986 Porro
1221 946 1348 985 tenus
1381 957 1518 998 usque
1551 959 1682 999 porro

1052 1015 1295 1058 Posteritas
1328 1016 1588 1071 propagatio
1621 1017 1812 1059 filiorum
1929 1029 1962 1055 35

1054 1087 1316 1130 Posthabita
1346 1088 1595 1144 postposita

1054 1160 1270 1214 Postridie
1306 1174 1399 1202 cras

1056 1231 1323 1274 Postulatius
1356 1232 1522 1287 petitor
1553 1233 1801 1289 rogatarius

1054 1303 1182 1347 Poesi
1214 1304 1398 1346 materia
1429 1305 1566 1347 totius
1595 1305 1728 1347 carmi
1754 1305 1800 1347 in
1827 1320 1911 1360 qua

1112 1379 1243 1432 poeta
1274 1378 1476 1418 uersatur

1054 1449 1230 1492 Potitur
1261 1448 1511 1504 frequenter
1543 1449 1684 1492 utitur
1709 1450 1780 1492 uel
1806 1449 1908 1492 frui·
1928 1462 1963 1487 40

1118 1524 1189 1563 tur

1939 1169 2030 1200 111¹¹

1056 1593 1209 1636 Potius
1243 1593 1397 1635 melius
1432 1593 1572 1649 magis

1057 1665 1427 1720 Pothochotropis
1460 1666 1581 1708 locus
1614 1666 1659 1708 in
1694 1681 1779 1722 quo
1812 1682 1915 1723 pau-

1115 1752 1239 1793 peres
1261 1740 1305 1779 et
1330 1737 1493 1779 infirmi
1514 1737 1714 1780 homines
1734 1754 1914 1794 pascun-

1115 1814 1189 1852 tur

1056 1881 1212 1924 Pomet
1245 1881 1403 1924 statuit

1057 1954 1296 1996 Pollicetur
1327 1953 1603 2009 promittitur

1056 2025 1373 2082 Pompulentus
1406 2042 1567 2082 pompa
1598 2027 1750 2082 plenus
1932 2039 1967 2065 45

1056 2098 1351 2155 Ponetergum
1383 2097 1689 2156 posdorsum2)

1058 2170 1350 2213 Pollinctores
1373 2170 1446 2225 qui
1468 2174 1665 2213 mortuos
1681 2170 1915 2227 sepelliunt

1058 2243 1334 2299 Populari‘tas
1369 2243 1587 2285 mutitudo
1620 2243 1771 2298 populi

1056 2315 1213 2371 Poples
1254 2314 1501 2372 geniculum
1540 2315 1711 2372 generis
1751 2329 1915 2358 mascu-

1116 2387 1195 2429 lini

259 2555 293 2599 1)
320 2566 345 2588 n
369 2565 396 2590 s.
422 2566 454 2590 v.
482 2555 567 2590 add.
593 2567 637 2590 m.
666 2556 773 2602 1112)
801 2556 824 2591 d
849 2568 875 2593 s.
903 2569 935 2592 v.
962 2556 1049 2592 add.
1075 2567 1120 2591 m.
1149 2556 1200 2600 111

260 2713 290 2746 1.
311 2709 350 2744 id
371 2712 429 2746 est
448 2710 605 2746 filiaster
625 2712 710 2747 add.
731 2723 749 2747 c
768 2713 779 2758 ΙΙ
800 2716 831 2747 2.
852 2710 1089 2756 Primipilum
1109 2712 1129 2746 b
1149 2713 1161 2756 ΙΙ
1182 2715 1213 2747 3.
1234 2708 1438 2744 Pristinam
1460 2710 1538 2745 abc
1561 2711 1565 2752 l
1589 2709 1784 2754 antiquam
1805 2710 1885 2746 abe
1913 2730 1915 2757 ⁴,

165 2769 414 2806 9.P1·ostridie
434 2771 547 2807 hodie
568 2773 619 2808 ab
639 2774 650 2818 ΙΙ
671 2776 725 2809 11,
742 2771 931 2818 pertineat
946 2773 997 2807 ab
1018 2774 1028 2818 ΙΙ
1051 2776 1104 2808 13.
1119 2771 1262 2817 primus
1284 2781 1434 2805 somnus
1455 2771 1506 2805 ab
1527 2772 1538 2816 Η
1560 2773 1614 2804 17.
1631 2769 1819 2804 calb-arius
1840 2771 1891 2805 ab
1912 2772 1914 2817 l

163 2828 282 2875 uirgis
302 2832 353 2866 ab
373 2832 385 2876 ΙΙ
406 2835 459 2869 18.
486 2831 665 2866 lauantur
689 2834 774 2869 abd
793 2835 804 2879 ΙΙ
825 2837 879 2868 19.
906 2832 1017 2867 Polus
1039 2833 1090 2868 ab
1110 2833 1121 2877 u
1141 2836 1196 2867 20.
1217 2830 1371 2866 Poderis
1393 2831 1417 2866 d
1439 2834 1443 2875 Ι
1467 2841 1562 2875 quae
1589 2832 1627 2864 et
1653 2829 1836 2864 subucula
1862 2830 1916 2864 di-

164 2888 261 2924 citur
286 2892 325 2925 et
349 2890 482 2926 talaris
509 2892 594 2927 add.
620 2893 645 2928 d
686 2894 698 2938 ΙΙ
741 2896 796 2929 21.
823 2892 992 2927 Pullulat
1017 2893 1098 2928 abc
1141 2895 1152 2938 ss
1197 2896 1252 2928 23.
1280 2903 1346 2927 om.
1375 2891 1484 2926 abed
1527 2892 1538 2936 ΙΙ
1582 2893 1636 2924 24.
1665 2888 1797 2924 ultimo
1830 2890 1881 2925 ab
1907 2889 1918 2936 Η

165 2954 222 2986 25.
248 2950 371 2986 Pollet
396 2952 480 2987 abd
514 2953 518 2996 Ι
553 2951 689 2987 crescit
713 2965 731 2989 e
763 2955 774 2999 ΙΙ
806 2956 862 2988 27.
889 2951 1074 2987 Pollincto
1101 2965 1134 2988 a.
1179 2951 1397 2986 Pollinthon
1422 2952 1446 2987 d
1477 2953 1489 2996 ΙΙ
1527 2955 1582 2986 30.
1610 2950 1832 2985 deuastatus
1858 2962 1877 2986 c
1908 2950 1918 2996 ᾗῇ

166 3015 222 3046 31.
244 3010 465 3056 suffragines
486 3011 663 3056 genuculi
682 3023 888 3047 concauum
908 3013 960 3047 ab
980 3014 991 3057 ΙΙ
1011 3016 1067 3047 32.
1087 3011 1215 3046 futura
1241 3012 1318 3046 abc
1337 3013 1348 3056 ΙΙ
1368 3014 1423 3046 35.
1446 3012 1484 3045 et
1502 3011 1681 3055 nepotum
1702 3011 1787 3046 add.
1807 3011 1888 3045 abe

167 3073 221 3106 37.
249 3082 316 3107 om.
346 3072 455 3107 abed
485 3073 497 3117 ΙΙ
529 3075 584 3108 38.
612 3071 845 3108 Postularius
873 3074 923 3108 ab
959 3071 964 3119 1
997 3070 1210 3116 rogatorius
1237 3072 1288 3106 ab
1318 3073 1329 3115 ss
1361 3074 1417 3105 39.
1444 3068 1570 3105 Poesis
1597 3069 1681 3104 abd
1709 3071 1714 3113 Ι
1743 3068 1918 3103 carminis

167 3131 252 3166 abd
275 3133 287 3176 ΙΙ
312 3134 369 3166 44.
396 3130 586 3177 promittit
611 3133 661 3167 ab
687 3135 699 3178 ΙΙ
724 3137 780 3168 46.
809 3134 895 3178 post
922 3132 1072 3166 dorsum
1100 3132 1119 3166 b
1151 3133 1163 3176 ΙΙ
1195 3134 1251 3166 48.
1278 3129 1483 3165 multitudo
1511 3130 1622 3164 abed
1640 3130 1652 3174 ΙΙ
1672 3132 1727 3164 49.
1755 3128 1918 3173 suffrag-o

170 3191 396 3236 genuculum
421 3193 572 3238 interpr.
600 3193 651 3228 ab
671 3194 683 3238 ΙΙ

240 3259 326 3291 Corp.
347 3258 436 3291 gloss.
457 3260 510 3285 lat.
530 3262 601 3286 tom.
622 3260 674 3286 IV.

1592 3254 1633 3284 18
