2170 3522
248 178 334 220 256
660 174 873 210 GLOSSAE
901 173 1087 209 CODICIS
1115 171 1476 208 SANGALLENSIS
1503 177 1571 208 912

306 287 526 329 humerale
560 288 710 327 contra
741 286 894 339 pectus
927 283 1098 339 pontifi-

308 361 369 402 cis
401 359 605 400 utebatur

248 432 416 488 Logiga
447 428 672 471 rationalis

248 503 519 559 Logisticum
553 500 831 556 cogitabilem

247 575 532 617 Luculentum
566 573 660 614 luce
692 572 868 626 plenum

246 648 387 689 Lucus
421 661 469 688 eo
504 645 617 700 quod
649 644 834 686 menime
866 644 1010 685 luceat

210 738 225 754 ›
246 719 431 761 Luctum
464 717 688 772 planctum

162 1158 220 1189 79r

193 1307 225 1330 10

246 792 385 833 Lucar
417 790 461 831 in
499 789 606 830 urbe
645 803 813 830 romma
852 791 895 829 et
928 787 1099 843 rogatio

306 878 386 918 que
433 861 633 904 solebant
677 860 721 902 in
766 860 875 902 lucis
920 859 1014 902 fieri
1057 862 1100 901 et

303 934 493 990 uectigal

250 1007 453 1062 Lupanar
484 1005 701 1047 habitatio
735 1004 1011 1046 meretricum

245 1079 460 1121 Ludificat
492 1077 649 1120 inludit

245 1150 431 1206 Luperci
469 1152 667 1205 pastores
710 1148 783 1203 qui
828 1148 996 1205 sacra¹)
1040 1148 1102 1189 in-

305 1223 403 1277 cybi
436 1222 538 1263 nudi
572 1222 773 1264 colebant

244 1294 430 1336 Lumina
463 1294 577 1336 oculi

248 1366 456 1408 Lustrum
489 1366 802 1422 quinquenium

244 1438 424 1480 Lustrat
457 1438 612 1480 circuit
643 1441 843 1493 peracrat

244 1510 349 1552 Luis
381 1511 595 1565 persoluis
628 1525 789 1565 poenas

247 1582 437 1624 Lutenes

211 1665 226 1690 5
246 1655 495 1697 Lucelleum
531 1669 666 1711 genus
700 1653 930 1695 marmoris
964 1653 1053 1694 albi

245 1727 419 1769 Lucifer
464 1727 591 1769 stella
630 1741 712 1782 que
752 1729 852 1768 ante
897 1726 991 1768 luce
1031 1740 1100 1779 ap-

304 1800 422 1854 parit

248 1871 504 1913 Ludibrium
543 1870 716 1912 dedicus
755 1872 798 1911 et
841 1869 956 1924 quod
993 1869 1098 1910 inin-

305 1943 471 1984 luditur
503 1942 677 1984 uanitas

247 2014 459 2056 Lubricus
493 2015 741 2057 elauescens

246 2085 494 2141 Lupanaria
527 2086 636 2128 cella
668 2085 945 2128 meretricum

193 2170 208 2193 2²
248 2158 502 2213 Lupercalia
535 2158 731 2214 gentium
764 2158 934 2200 cultura
965 2157 1007 2199 id
1035 2160 1102 2199 est

308 2245 430 2272 sacra
461 2230 585 2285 panis
620 2230 693 2285 qui
726 2230 819 2285 ipse
853 2231 1012 2272 dicitur

248 2300 457 2343 Luridum
491 2302 704 2343 sorditum
736 2302 948 2357 pallidum

252 2372 370 2425 111163Ι
393 2374 528 2429 pestis
562 2374 739 2416 morbus
773 2373 962 2416 dilubius

345 2540 379 2584 1)
405 2550 427 2573 a
451 2551 478 2575 s.
505 2552 536 2576 v.
565 2540 649 2575 add.
676 2551 720 2574 m.
750 2541 802 2585 111

1137 282 1385 325 Lurconum
1460 283 1766 326 deuoratorum
1835 284 1998 340 glutto-

1197 370 1301 397 num

1137 426 1326 469 Luscina
1359 442 1460 469 aues
1495 442 1576 482 que
1609 428 1718 470 bene
1753 427 1871 470 canit

1138 498 1285 541 Luxus
1317 514 1478 555 pompa
1510 500 1631 556 regia
1664 503 1707 542 et
1739 499 1913 542 luxuria
2014 511 2050 537 25

1138 570 1321 613 Lumine
1359 574 1488 614 turuo
1529 573 1621 615 diro
1660 573 1742 614 hae
1781 572 1996 614 truculen—
2024 579 2090 612 79¹¹

1198 646 1292 685 tum
1324 644 1495 686 uultum

1138 715 1373 757 Ludicrum
1407 716 1643 758 ludibrium
1676 720 1803 772 turpe

1139 787 1278 830 Lucas
1318 788 1411 843 ipse
1457 803 1724 844 consurgens
1771 789 1864 831 sibe
1902 789 1995 844 ipse

1197 860 1339 902 libans

1141 1075 1281 1118 Macte
1316 1076 1456 1132 magis
1490 1079 1566 1118 aut
1600 1079 1689 1118 tam
1723 1077 1864 1133 magis

1140 1147 1301 1190 Macies
1336 1148 1551 1203 exiguitas
1586 1149 1781 1204 corporis
2016 1163 2051 1187 30

1140 1220 1299 1262 Maceti
1334 1221 1589 1262 macedones

1140 1292 1331 1349 Magalia
1363 1293 1460 1335 loca
1492 1295 1770 1348 pastorarum

1140 1364 1288 1406 Madet
1319 1365 1471 1407 humet

1138 1436 1430 1493 Magnanimis
1463 1437 1590 1479 fortis

1138 1508 1359 1565 Magnites
1392 1509 1504 1564 lapis
1538 1509 1612 1564 qui
1644 1508 1809 1550 ferrum
1841 1508 1958 1564 rapit
2016 1524 2051 1550 35

1139 1581 1281 1623 Maius
1314 1582 1411 1637 plus
1446 1581 1632 1636 amplius

1139 1653 1305 1695 Malum
1338 1654 1485 1709 punici
1517 1653 1633 1695 mala
1665 1654 1849 1709 granata

1139 1726 1339 1768 Mallatia
1372 1725 1581 1768 mollities
1613 1739 1741 1781 grece

1140 1798 1411 1855 Malagrama
1442 1798 1578 1839 herba
1609 1811 1828 1839 uenenosa

1139 1862 1313 1912 Maialis
1359 1885 1518 1926 porcus
1562 1869 1738 1925 pinguis
1783 1884 1833 1911 eo
1882 1868 1996 1924 quod
2015 1886 2052 1910 40

1200 1943 1249 1984 de
1282 1943 1351 1985 his
1384 1941 1497 1984 maie
1531 1941 1860 1984 sacricabantur

1140 2014 1365 2069 Mancipat
1398 2029 1575 2056 manum
1608 2013 1749 2055 mittit
1782 2016 1826 2055 et
1858 2013 1997 2055 sociat
2023 2025 2085 2056 81r

1140 2086 1301 2128 Manna
1334 2086 1557 2141 manipula

1140 2158 1296 2200 Mansa
1329 2158 1514 2201 comista
1547 2158 1808 2200 manducata

1140 2230 1395 2272 Mandemus
1430 2230 1687 2272 cometimus

1139 2302 1287 2344 Mania
1318 2302 1441 2344 furor
1473 2302 1642 2343 insania
2015 2317 2051 2343 45

1140 2374 1267 2416 Mane
1300 2389 1530 2429 pcrseuera

346 2700 375 2729 1.
402 2694 541 2738 Logica
567 2695 652 2729 abd
673 2695 679 2739 Ι
701 2693 939 2728 rationabilis
966 2696 1017 2729 ab
1037 2698 1048 2741 [Ι
1069 2700 1100 2731 2.
1123 2695 1328 2739 cogitabile
1349 2696 1432 2730 abd
1452 2698 1463 2741 Η
1483 2699 1514 2730 4.
1536 2693 1689 2729 minime
1708 2695 1788 2729 abe
1806 2695 1818 2739 ΙΙ
1838 2699 1870 2730 6.
1892 2693 1995 2728 locus

249 2753 285 2787 in
313 2754 402 2788 urbe
429 2765 533 2788 roma
565 2755 615 2789 ab
650 2755 655 2799 Ι
691 2755 729 2788 et
755 2754 923 2797 erogatio
949 2755 974 2789 d
995 2757 1000 2799 1
1024 2754 1171 2789 solebat
1196 2756 1281 2790 abd
1313 2756 1324 2799 ΙΙ
1357 2759 1388 2789 9.
1416 2754 1543 2790 incubi
1575 2756 1626 2790 ab
1658 2755 1669 2800 ΙΙ
1703 2757 1757 2789 11.
1790 2753 1997 2798 quinquen-

249 2813 349 2848 nium
371 2815 479 2850 ‹cbed
499 2817 509 2860 ΙΙ
534 2819 586 2850 12.
606 2815 784 2859 peragrat
804 2815 913 2849 (obed
932 2815 942 2859 ΙΙ
965 2818 1018 2850 14,
1034 2814 1188 2849 Luteres
1210 2814 1340 2849 conchi
1362 2815 1507 2850 cantari
1527 2826 1709 2859 aquarum
1730 2815 1754 2849 d
1773 2816 1784 2860 ΙΙ
1809 2818 1860 2849 16.
1874 2813 1997 2849 11166111

249 2876 407 2917 apparet
433 2876 511 2909 abc
542 2876 553 2918 ΙΙ
589 2877 640 2908 17.
669 2872 852 2908 inluditur
877 2885 895 2909 c
926 2874 937 2918 ΙΙ
972 2878 1023 2909 18.
1054 2874 1270 2909 elabescens
1296 2876 1347 2910 ab
1380 2876 1391 2920 ΙΙ
1428 2880 1480 2911 19.
1508 2875 1600 2910 celle
1626 2876 1650 2910 cl
1674 2876 1686 2919 11
1717 2877 1773 2908 20.
1801 2872 1891 2917 quia
1915 2872 1997 2918 ipse

249 2932 386 2967 dicitur
413 2933 561 2968 dedisse
588 2944 767 2978 responsa
794 2934 834 2967 ut
861 2933 1003 2968 coirent
1028 2934 1108 2978 lupi
1135 2936 1173 2969 et
1198 2934 1293 2969 hirci
1319 2936 1370 2970 ab
1389 2937 1401 2980 ΙΙ
1429 2940 1484 2971 2-2.
1512 2934 1696 2969 diluuium
1723 2933 1775 2969 bd
1793 2934 1805 2978 ΙΙ
1824 2936 1880 2968 24.
1907 2933 1996 2967 Lus-

249 2992 347 3026 cinia
374 2994 426 3028 bd
465 2996 470 3038 1
511 2992 592 3027 auis
619 2994 732 3028 abed
763 2995 773 3038 ΙΙ
812 2996 866 3027 26.
895 2994 1002 3027 toruo
1030 2995 1080 3028 (ab
1115 2996 1120 3038 Ι
1156 3006 1199 3029 ac
1225 2995 1436 3029 truculento
1463 2993 1570 3028 uultu
1597 2993 1648 3028 ab
1680 2995 1692 3038 11
1721 2996 1775 3027 28.
1804 2992 1883 3027 siue
1909 2993 1960 3028 ab
1985 2992 1998 3040 Η

249 3057 303 3086 29.
332 3053 452 3097 magis
480 3054 588 3087 aucte
616 3054 653 3086 et
678 3051 801 3096 magis
829 3054 953 3087 autem
981 3053 1031 3087 ab
1069 3055 1080 3098 ΙΙ
1125 3058 1180 3088 3-2.
1207 3056 1401 3098 pastorum
1428 3055 1452 3089 (l
1491 3055 1503 3098 ΙΙ
1541 3055 1596 3086 34.
1625 3050 1888 3096 Magnanimus
1915 3053 1960 3087 ab
1985 3053 1998 3099 Η

250 3116 303 3146 37.
332 3112 506 3155 punicum
533 3113 687 3156 (·(Ζ1139.
715 3111 887 3155 gramina
914 3113 933 3145 b
959 3114 970 3157 ΙΙ
996 3115 1050 3148 40.
1080 3113 1362 3148 sacrificabatur
1390 3115 1520 3157 (11141.
1546 3122 1658 3145 manu
1686 3110 1789 3156 capit
1814 3113 1852 3146 et
1878 3111 1998 3146 sociat

250 3172 326 3205 abc
351 3174 361 3214 ΙΙ
387 3175 440 3205 43.
470 3173 630 3206 comesta
661 3172 818 3217 (1111144.
846 3171 1058 3205 Mandimus
1086 3172 1313 3207 comedimus
1341 3175 1391 3208 ab
1411 3175 1422 3218 ΙΙ
