2170 3522
277 201 364 242 540

276 310 480 353 Mutilare
513 308 741 350 debilitare

276 382 529 424 Mutilatum
563 380 789 422 turbatum
822 379 1087 420 inminutum

184 464 250 494 361¹
277 454 482 496 Mutilare
516 452 739 494 moderare

278 669 469 711 Nanctus
502 669 707 710 inuentus
741 670 817 709 aut
851 668 1032 722 adeptus

243 753 258 779 5
278 740 584 783 Nancciscitur
600 739 864 795 adepiscitur
880 742 955 781 aut
965 738 1136 794 potitur

277 813 475 855 Nanctus
509 828 604 855 sum
636 812 782 854 inueni

277 885 509 927 Nanccisci
543 885 738 927 inueneri

278 956 443 998 Nabita
474 959 634 999 nancta

276 1028 392 1070 Nam
424 1029 634 1084 numquid

229 1114 260 1139 10
280 1100 478 1143 Nardum
511 1115 648 1157 genus
682 1100 827 1143 odoris
861 1100 1018 1156 optimi

278 1173 368 1215 Nat
398 1176 523 1215 natat

278 1245 423 1287 Nandi
454 1245 634 1287 natandi

278 1317 446 1359 Nautes
480 1320 633 1359 nantes
668 1318 774 1360 duos

279 1389 470 1432 Nauales
503 1405 570 1431 res
605 1390 658 1431 ad
685 1405 842 1432 nauem
868 1390 1137 1446 pertinentes

228 1473 260 1499 15
279 1461 429 1504 Nauat
462 1477 637 1518 operam
671 1463 745 1504 (lat

278 1533 504 1576 Nauantes
538 1549 714 1589 operam
747 1534 900 1577 dantes

279 1605 418 1647 Nauit
450 1606 643 1648 strinuae
677 1607 770 1663 agit

279 1677 454 1720 Nauare
489 1678 683 1720 studiose
717 1679 898 1735 implere

279 1749 465 1792 Nauiter
498 1751 718 1793 studiosae

228 1834 261 1858 20
280 1821 428 1864 Nauat
461 1822 581 1878 cogit
615 1823 824 1879 conpellit
857 1823 1071 1865 accelera-t

281 1894 455 1936 Nauare
490 1894 683 1936 strinuae
718 1894 911 1937 officium
944 1894 1085 1937 facere

281 1965 433 2008 Nauus
468 1967 710 2022 obsequens

280 2037 449 2080 Nauale
482 2039 646 2080 bellum
679 2053 827 2095 pugna
859 2039 1081 2081 maritima

281 2109 423 2151 Natus
454 2110 647 2152 nutritus

229 2192 262 2218 25
283 2181 454 2224 Natura
487 2198 644 2237 corpus
678 2183 901 2239 ingenium
939 2184 1141 2240 genitura

284 2254 498 2296 Natiuum
529 2254 727 2296 naturale
761 2255 1007 2311 genitiuum

283 2326 469 2368 Nauiter
502 2326 695 2369 strinuae
727 2327 918 2370 uiriliter

284 2398 443 2440 Natrix
476 2414 653 2454 serpens

285 2469 506 2512 Nazareth
538 2472 855 2514 mundiciarum

233 2552 267 2576 30
288 2541 447 2584 Nebris
482 2543 648 2585 corium
681 2544 798 2586 cerui

286 2613 447 2655 Nebris
469 2615 594 2657 diane
616 2616 783 2658 corium
804 2616 928 2658 diane
952 2617 1023 2671 qui
1047 2632 1144 2659 cum

347 2701 473 2728 ceruo
506 2687 703 2743 pingitur

287 2756 451 2800 Nectar
478 2759 561 2800 mel
590 2758 681 2801 siue
712 2760 863 2802 uinum
894 2763 970 2802 aut
998 2761 1143 2802 odoris

286 2830 447 2872 Nectar
480 2846 683 2872 carenum
716 2834 791 2873 aut
822 2831 945 2887 potio

927 194 1144 230 GLOSSAE
1171 194 1386 229 AFFATIM

1175 304 1410 347 Nectarius
1439 302 1637 346 odorefer
1658 302 1780 345 dulce
1803 301 2035 345 suauitatis

1174 376 1465 419 Necessitudo
1508 373 1712 417 adfinitas
1751 375 1794 417 id
1828 377 1895 417 est
1926 389 2037 417 uxor
2055 383 2091 410 35

1235 450 1311 490 aut
1343 447 1423 489 filii

1176 520 1461 563 Necessarius
1495 519 1662 562 amicus

1176 592 1328 635 Nectit
1362 592 1558 649 conligat
1591 594 1667 634 aut
1700 592 1856 648 alligat

1175 664 1289 707 Nexi
1321 665 1495 721 legatus
1526 664 1618 706 siue
1645 679 1814 719 pannus
1842 663 1949 706 colis
1976 664 2037 706 in-

1235 737 1438 779 uolutum

1175 809 1322 851 Nexae
1355 809 1520 865 ligatus

1175 881 1301 924 Nexa
1334 881 1567 924 coniuncta
1599 881 1738 936 ligata

1176 953 1327 996 Nexus
1360 953 1553 1009 ligatura

2057 889 2093 914 40

1177 1026 1272 1068 Nex
1306 1041 1425 1068 murs
1459 1025 1529 1067 1161
1563 1025 1828 1081 supplicium

1176 1098 1318 1141 Necat
1352 1098 1513 1140 occidit

1176 1170 1268 1213 Nec
1302 1170 1485 1226 opinans
1518 1184 1597 1212 nec
1630 1185 1810 1225 sperans

1176 1243 1268 1286 Nec
1316 1243 1495 1298 opinum
1540 1257 1619 1285 nec
1664 1244 1946 1298 expeccatum
1995 1243 2038 1286 id
2058 1249 2093 1276 45

1237 1317 1304 1357 est
1337 1317 1490 1358 contra
1523 1314 1774 1370 opinionem

1176 1387 1267 1430 Nec
1303 1387 1472 1430 credete
1504 1387 1642 1429 nolite
1676 1387 1849 1430 credere

1177 1460 1346 1515 Nequis
1378 1459 1533 1515 nequis
1568 1459 1678 1501 alius

1176 1532 1270 1575 Nec
1304 1532 1537 1587 quisquam
1568 1546 1648 1573 nec
1681 1532 1901 1574 modicum

1178 1604 1481 1660 Nequicquam
1515 1604 1607 1645 sine
1642 1619 1773 1646 causa

1180 1676 1459 1732 Nequiquam
1493 1675 1635 1718 frusta
1668 1676 1759 1718 sine
1794 1691 1924 1719 causa
2061 1683 2095 1709 50

1178 1748 1330 1790 Nexne
1363 1748 1432 1789 uel
1465 1763 1554 1790 non

1179 1820 1405 1862 Nefandus
1438 1835 1491 1862 ne
1526 1820 1733 1862 dicendus

1179 1892 1381 1935 Nefanda
1412 1907 1501 1934 non
1533 1893 1714 1935 dicenda

1179 1964 1384 2006 Nefarius
1418 1965 1656 2007 sceleratus

1179 2037 1350 2079 Nefarii
1384 2037 1678 2079 criminatoris
1713 2037 1913 2080 scelerati
2062 2044 2097 2070 ⁵5

1180 2109 1406 2151 Nefariam
1439 2109 1703 2151 miserabilis
1737 2110 1883 2152 caelus

1181 2181 1361 2223 Nefario
1397 2181 1608 2223 scelerato

1181 2253 1412 2296 Nemirum
1444 2253 1668 2308 profectus
1702 2254 1793 2297 sine
1828 2255 1960 2297 dubio

1180 2325 1348 2381 Nempe
1383 2328 1498 2368 certe

1180 2397 1348 2454 Nempe
1380 2413 1524 2440 nonne
2063 2405 2099 2431 60

1182 2470 1248 2512 Ne
1283 2470 1430 2513 omnia
1461 2470 1670 2512 kalendae

1183 2542 1438 2585 Neominias
1471 2542 1688 2585 mensium
1719 2559 1935 2586 nouorum

1182 2615 1426 2671 Nequiunt
1442 2629 1530 2656 non
1562 2618 1751 2670 possunt
1784 2615 1982 2658 dificiunt

1182 2686 1355 2742 Nequio
1388 2702 1476 2729 non
1508 2702 1689 2742 possum
2071 2688 2133 2721 37²r

1183 2759 1375 2814 Nequiui
1407 2775 1495 2802 non
1526 2760 1652 2814 potui
2064 2764 2100 2790 65

1185 2830 1399 2886 Nequiuit
1431 2846 1519 2873 non
1551 2831 1697 2887 potuit

384 2964 415 2995 5.
442 2960 684 2995 Nanciscitur
709 2973 727 2997 6
750 2965 755 3003 l
779 2961 1002 3006 adipiscitur
1031 2963 1110 2997 abc
1129 2964 1140 3007 11
1162 2965 1191 2996 7.
1219 2960 1398 2995 Nancisci
1426 2962 1472 2996 bc
1494 2965 1498 3005 ἶ
1521 2961 1683 2997 inueniri
1709 2963 1788 2997 abc
1806 2962 1818 3007 ΙΙ
1838 2965 1870 2996 9.
1897 2972 1962 2996 om.
1991 2972 2010 2996 6
2034 2960 2047 3006 Η

292 3024 342 3054 13.
358 3022 533 3054 natantes
548 3022 699 3066 interpr.
717 3022 762 3056 bc
781 3022 792 3066 H
814 3025 867 3055 16.
884 3033 983 3068 omo
1003 3022 1013 3065 ΙΙ
1036 3025 1089 3056 17.
1107 3023 1255 3056 strenue
1271 3023 1290 3057 b
1303 3033 1320 3057 6
1339 3024 1350 3067 ΙΙ
1371 3025 1508 3067 20—12
1537 3024 1623 3066 549,
1638 3024 1686 3057 37
1699 3033 1765 3057 om.
1781 3023 1801 3058 b
1821 3022 1832 3066 ΙΙ
1852 3024 1908 3055 21.
1923 3031 1990 3056 om.
2003 3032 2022 3056 6
2035 3020 2047 3066 Η

288 3084 342 3114 26.
372 3079 590 3123 genetiuum
617 3093 635 3116 6
654 3083 666 3125 Η
686 3086 741 3115 27.
771 3082 945 3115 strenuae
966 3092 984 3116 6
1002 3082 1014 3125 ss
1035 3085 1088 3115 34.
1118 3081 1280 3116 odorifer
1309 3093 1327 3117 6
1346 3082 1358 3126 ΙΙ
1380 3085 1432 3116 38.
1461 3093 1528 3117 om.
1555 3093 1574 3117 6
1593 3082 1604 3126 ΙΙ
1624 3085 1681 3116 42.
1707 3092 1806 3116 mors
1833 3092 1852 3116 6
1870 3081 1881 3125 ΙΙ
1901 3084 1957 3115 45.
1985 3091 2045 3115 ex-

288 3140 478 3183 pecta-tum
499 3152 548 3175 ac
567 3141 577 3184 ΙΙ
597 3143 749 3175 46-49.
765 3152 832 3176 om.
847 3153 865 3176 6
884 3144 895 3185 ΙΙ
915 3144 971 3176 50.
985 3141 1126 3175 frustra
1146 3152 1194 3176 ae
1214 3143 1225 3186 ΙΙ
1246 3145 1300 3176 53.
1325 3145 1380 3176 55.
1397 3153 1464 3177 om.
1480 3153 1498 3177 6
1517 3145 1528 3186 Η
1549 3146 1593 3176 56
1621 3139 1836 3175 miserabile
1857 3139 1977 3175 scelus
1999 3152 2017 3176 6
2035 3139 2047 3186 [i

290 3201 345 3232 57.
370 3201 425 3233 58.
446 3211 511 3234 om.
534 3212 551 3235 6
571 3201 582 3245 ΙΙ
603 3204 657 3235 61.
685 3199 893 3235 Neomenia
918 3212 936 3236 6
955 3202 967 3245 ΙΙ
988 3204 1043 3235 63.
1065 3200 1267 3244 Nequeunt
1292 3213 1310 3237 6
1328 3203 1340 3247 ΙΙ
1361 3205 1415 3236 63.
1439 3200 1619 3236 deficiunt
1639 3212 1689 3236 ac
1708 3203 1719 3245 Η
1740 3204 1796 3236 64.
1816 3199 1972 3244 Nequeo
1998 3211 2017 3235 6
2034 3200 2046 3244 l}
