2232 3548
784 889 1222 935 PRAEFATIO

244 1031 311 1072 Ex
337 1030 485 1072 lexicis
514 1045 628 1071 mere
656 1029 802 1071 latinis
829 1032 1000 1084 praeter
1025 1029 1225 1071 Placidi
1253 1029 1399 1084 copias
1426 1029 1594 1070 nullum
1620 1029 1731 1083 novi,
1759 1030 1872 1083 quod

126 1104 296 1159 glossas
322 1102 489 1157 prima
515 1102 643 1143 huius
671 1101 902 1143 voluminis
930 1104 1079 1156 parte
1108 1101 1245 1143 editas
1273 1101 1532 1143 auctoritate
1561 1104 1634 1142 aut
1655 1103 1873 1142 vetustate

126 1177 312 1229 superet.
369 1174 466 1216 Duo
494 1174 608 1215 enim
637 1173 896 1215 exhibentur
923 1173 1138 1229 glossaria
1164 1173 1408 1227 antiquitus
1435 1172 1742 1226 contaminata,
1772 1187 1874 1226 quo-

126 1261 222 1287 rum
254 1246 437 1287 alterum
500 1245 614 1300 quod
652 1245 820 1286 uncinis
860 1260 884 1286 a
915 1245 1058 1300 priore
1093 1243 1272 1296 secrevi,
1312 1246 1462 1299 suapte
1495 1243 1655 1284 virtute
1690 1243 1874 1297 excellit,

448 1280 458 1301 7

125 1318 310 1359 alterum
348 1318 488 1373 magis
527 1317 723 1373 vulgare,
763 1317 876 1371 quod
916 1317 969 1358 ab
1007 1315 1306 1358 ‘Abstrusa’
1346 1315 1516 1370 incipit,
1556 1315 1872 1369 permultorum

125 1389 310 1431 aliorum
343 1389 466 1443 quasi
499 1388 829 1429 fundamentum
859 1388 1027 1443 extitit3
1060 1390 1291 1442 utrumque
1319 1390 1463 1428 autem
1491 1387 1576 1428 iam
1605 1389 1704 1427 ante
1732 1401 1873 1428 saecu-

124 1461 215 1502 lum
243 1461 476 1515 septimum
502 1460 547 1501 in
575 1475 670 1501 eam
692 1475 821 1514 quam
842 1460 1051 1502 habemus
1073 1460 1258 1502 formam
1279 1459 1501 1500 redactum
1523 1461 1596 1499 estv
1641 1457 1871 1499 Secundo

124 1532 238 1574 loco
276 1534 545 1587 proponetur
582 1532 844 1587 glossarium
889 1534 1106 1574 vetustate
1150 1531 1395 1573 venerabile
1441 1532 1483 1571 et
1529 1532 1647 1571 certo
1687 1530 1872 1584 quodam

125 1604 296 1646 vinculo
337 1618 434 1645 cum
471 1603 616 1658 priore
657 1617 885 1659 conexum,
930 1604 1051 1646 cuius
1097 1603 1179 1644 etsi
1220 1602 1459 1644 auctoritas
1500 1602 1613 1643 cedit
1651 1602 1873 1656 vetustati,

124 1678 270 1717 tamen
302 1675 636 1730 haudquaquam
669 1674 773 1717 reici
804 1678 963 1730 potest.
1027 1674 1204 1716 Tertio
1244 1675 1357 1716 loco
1392 1675 1629 1728 sequentur
1660 1673 1873 1728 glossaria

125 1747 243 1789 varia
263 1747 424 1802 partim
447 1747 706 1788 auctoritate
727 1747 887 1802 partim
909 1747 1012 1788 fatis
1029 1746 1340 1788 memorabilia.
1370 1744 1596 1787 Adicietur
1617 1744 1872 1799 appendix

126 1821 334 1874 quattuor
366 1818 680 1874 glossariorum
713 1833 732 1860 s
741 1834 768 1873 p
779 1833 799 1860 e
810 1819 853 1860 ci
863 1819 965 1860 min
974 1834 998 1860 a
1031 1818 1250 1860 exhibens.

984 1938 1015 1979 Ι.

243 2034 267 2085 ξ
309 2034 345 2074 1.
408 2032 552 2075 Codex
591 2033 877 2075 Vaticanus
918 2034 1054 2087 3321,
1100 2033 1474 2086 membranaceus,
1522 2046 1649 2086 quem
1693 2046 1872 2072 manus

126 2104 338 2159 septimi
371 2104 568 2146 saeculi
602 2104 898 2146 uncialibus
926 2104 1131 2146 litteris
1161 2104 1337 2158 scripsit
1352 2103 1396 2160 ¹),
1430 2106 1629 2145 accurate
1658 2106 1873 2145 tractatus

125 2179 193 2217 est
225 2176 278 2217 ab
312 2175 549 2232 Augusto
583 2176 873 2217 lVilmanns
908 2175 1016 2216 Mus.
1044 2174 1180 2216 Rhen.
1209 2175 1289 2215 vol.
1319 2175 1374 2215 ‘24
1401 2172 1455 2230 (a.
1487 2173 1618 2230 1869)
1646 2190 1685 2228 p.
1707 2174 1788 2215 381
1809 2188 1871 2228 sq.

127 2246 198 2304 (cf.
231 2247 466 2289 Loewius
500 2247 650 2289 Prodr.
684 2263 722 2303 p.
752 2245 868 2303 143).
932 2247 983 2288 In
1021 2246 1093 2288 fol.
1125 2248 1170 2288 1u
1206 2246 1313 2287 haec
1351 2246 1573 2299 leguntur:
1619 2244 1674 2285 In
1711 2245 1876 2286 nomine

125 2320 190 2361 dei
220 2320 373 2361 summi
404 2320 609 2373 incipiunt
629 2320 832 2373 ylossulas
863 2320 1124 2361 diuersarum
1149 2332 1287 2360 rermn.
1314 2317 1548 2359 nominibus
1573 2330 1641 2358 seu
1667 2316 1877 2357 uocabulis·

119 2405 197 2444 per
227 2391 403 2445 smyule‘s
436 2391 634 2433 littoribus
667 2389 738 2448 (Im
765 2391 851 2433 litt.
872 2391 1056 2446 deletae)
1083 2391 1340 2444 appellandis
1366 2390 1417 2431 ab
1443 2389 1484 2430 A
1510 2402 1635 2442 usque
1663 2388 1700 2430 V
1722 2389 1873 2441 recapi-

128 2463 302 2505 mantes
332 2464 518 2517 sz'nyulas
541 2477 619 2517 per
648 2464 808 2505 uocales
838 2466 876 2504 et
905 2462 1166 2504 semivocales
1197 2465 1233 2503 et
1265 2462 1435 2514 liquidis
1466 2463 1504 2502 ez}
1527 2460 1652 2501 mutis
1677 2463 1778 2501 recte
1798 2474 1873 2512 per

126 2535 309 2576 ordi-nem
346 2538 636 2588 consequentes.
702 2534 907 2589 Sequitur
945 2534 1090 2589 imago
1129 2533 1318 2575 hominis
1355 2532 1543 2573 sedentis
1578 2531 1652 2586 qui
1685 2531 1873 2585 speciem

127 2606 322 2648 docentis
350 2606 536 2648 exhibet.
587 2605 858 2648 Glossarium
885 2608 1005 2647 extat
1030 2605 1076 2646 in
1102 2605 1174 2646 fol.
1197 2604 1419 2658 21—163r3
1444 2603 1652 2644 lemmata
1679 2605 1721 2643 et
1744 2602 1874 2643 inter-

126 2680 401 2732 pretamenta
440 2678 623 2734 singulis
662 2677 856 2719 versibus
897 2677 1194 2731 continentur3
1232 2675 1375 2717 rubris
1408 2675 1567 2716 litteris
1602 2674 1874 2729 singulorum

128 2749 327 2791 ordinum
346 2749 711 2805 praescriptiones
732 2747 870 2806 (velut
883 2748 962 2790 DE
979 2748 1018 2790 A
1038 2748 1112 2790 ET
1133 2747 1185 2802 D,
1212 2747 1290 2789 DE
1311 2746 1352 2788 A
1372 2746 1447 2788 ET
1467 2746 1518 2801 E,
1537 2745 1655 2786 PER
1676 2744 1717 2786 H
1738 2744 1813 2786 ET
1834 2744 1873 2785 D

129 2824 172 2863 et
206 2820 334 2875 aliae)
366 2821 559 2876 insignes
593 2824 706 2863 sunt.
737 2845 796 2850 —
830 2820 1066 2870 Quaternio
1100 2819 1257 2861 tertius
1295 2818 1533 2871 intercidit,
1572 2817 1684 2858 unde
1718 2830 1875 2871 magna

128 2893 243 2934 inter
279 2892 356 2934 ΑΡ
395 2895 438 2934 et
475 2892 555 2934 BV
593 2892 749 2934 lacuna
785 2894 890 2933 nata
928 2894 996 2933 est
1035 2889 1092 2946 (p.
1124 2891 1194 2944 19,
1221 2890 1276 2932 31
1299 2914 1353 2919 —
1375 2905 1415 2944 p.
1443 2889 1517 2944 26,
1544 2885 1639 2943 41):
1684 2886 1874 2941 reliquae

129 2964 309 3005 lacunae
342 2963 426 3018 ipsi
458 2964 638 3006 librario
673 2964 895 3006 debentur.
922 2987 977 2992 --
1006 2961 1298 3004 Correxerunt
1330 2960 1502 3016 singula
1534 2962 1644 3000 tres
1679 2973 1875 2999 manus:

254 3129 285 3173 1)
311 3127 363 3162 Cf.
390 3128 616 3163 Jordanus
650 3129 695 3164 de
723 3128 825 3164 Rom.
854 3129 1000 3173 topogr.
1035 3125 1106 3161 rol.
1127 3126 1161 3159 Π
1186 3138 1221 3171 p.
1243 3129 1282 3169 3⁷
1316 3123 1380 3169 qui
1413 3123 1578 3158 codicem
1605 3125 1769 3159 octavo
1798 3135 1876 3158 sae-

130 3187 212 3222 culo
238 3187 380 3223 tribuit.
