2170 3522
68 941 100 965 10

66 1303 100 1328 15

64 1667 98 1692 20

596 161 810 198 GLOSSAE
837 160 1024 199 CODICIS
1049 163 1284 200 VATICAN'I
1309 169 1401 200 3321

120 270 404 329 Quamdere¹)
439 273 554 329 quod
587 288 720 330 supra

121 344 397 400 Quamquam
430 346 631 400 quamuis

120 415 383 472 Quapridem
415 417 503 459 iam
537 417 641 459 olim

119 487 345 544 Quamque
378 504 509 531 uersu
542 490 737 544 qualibet
770 504 821 531 ex
856 493 980 545 parte

120 559 427 609 Quantocitius
461 561 642 616 celerius
675 562 745 603 uel
778 562 909 604 citius

121 632 347 687 Quamque
381 634 767 690 quandocumquae

123 702 357 753 Quantitas
391 708 604 760 quantum
637 705 695 747 sit

121 776 398 833 Quapropter
432 777 654 834 quodergo

122 847 337 898 Quassam
372 850 588 905 quamodo

122 920 353 971 Quassatis
387 923 564 965 conlisis
597 923 668 965 uel
701 926 872 965 uexatis

118 991 338 1042 Quasdam
371 994 530 1050 aliquis

118 1065 344 1116 Quatenus
379 1081 464 1122 qua
497 1067 668 1110 ratione

118 1137 327 1188 Quatitur
359 1139 609 1181 concutitur

117 1209 450 1267 Quantocuique
466 1211 727 1267 quicumque
740 1213 980 1255 denumero

122 1281 277 1333 Quatit
310 1283 507 1325 concutit

119 1354 416 1410 [Quamquam
450 1356 585 1398 etiam
618 1356 723 1399 licet

119 1426 344 1477 Quatenus
379 1429 580 1483 quaratio

118 1499 347 1550 Quandam
381 1500 572 1556 aliquam

117 1570 450 1628 Quamprimum
485 1576 586 1615 ante
620 1574 766 1615 omnia

118 1643 509 1700 Quaquauersuum
544 1646 740 1701 qualibet
773 1661 823 1688 ex
858 1650 981 1702 parte

119 1716 215 1768 Qua
246 1720 399 1760 uectus
433 1733 519 1773 qua
550 1721 728 1774 potatus

119 1788 413 1840 Quamobrem
445 1806 524 1846 pro
559 1807 689 1846 quam
723 1807 812 1834 rein

119 1861 309 1912 Quassat
342 1866 490 1905 uersat
522 1864 591 1905 uel
626 1864 824 1906 concutit

120 1933 388 1983 Quantulum

180 2008 400 2050 modicum

453 1939 853 1991 quantumcumque
911 1937 980 1979 uel

64 2104 98 2129 25
120 2079 317 2129 Quadere
350 2083 530 2136 propter
562 2096 692 2136 quam
726 2097 817 2123 rem

118 2151 347 2208 Quainqua
378 2157 503 2208 parte
537 2153 581 2195 in
613 2168 782 2209 proqua

118 2222 314 2273 Quanam
346 2225 416 2267 uel
449 2228 636 2281 proqua]

1792 165 1875 207 157

1131 269 1202 317 De
1237 291 1344 332 quae
1908 286 1996 317 12911

1019 346 1212 402 Quedam
1244 348 1435 403 aliquem

1020 417 1166 467 Quaeo
1199 434 1381 475 possum

1022 490 1267 540 Quaeamus
1299 506 1532 547 possumus

1022 561 1293 618 Quemquam
1327 564 1518 619 aliquem

1022 633 1293 691 Quemquem
1327 651 1643 692 quemcumque

1022 705 1281 762 Quempiam
1315 723 1586 764 quacumque

1020 777 1262 828 Quemnam
1294 779 1584 837 interrogatio
1618 781 1669 822 de
1696 796 1883 836 persona
1903 794 1937 820 35

1079 851 1268 894 feminae

1020 922 1265 972 Quaerente
1292 924 1594 981 interrogante

1901 435 1936 459 30

1020 994 1353 1045 Quaerimoniae
1388 998 1578 1052 querelle
1613 1012 1770 1054 graues

1021 1067 1216 1118 Quaeror
1248 1069 1430 1111 iniurias
1465 1085 1583 1112 meas
1611 1071 1784 1112 uindico
1814 1071 1881 1112 uel

1081 1141 1275 1195 querella
1308 1142 1476 1196 depono

1020 1211 1224 1267 Querella
1257 1214 1484 1269 questibus
1517 1214 1587 1256 uel
1622 1214 1786 1257 clamor

1021 1283 1256 1334 Quaerenti
1289 1286 1582 1342 interroganti

1021 1356 1211 1413 Questus
1244 1358 1366 1401 lucra
1398 1359 1467 1401 uel
1502 1360 1693 1415 quei-elle

1020 1428 1208 1487 Quas02)
1244 1445 1352 1487 rogo

1021 1502 1363 1552 Quaesententia
1396 1519 1481 1559 quo
1511 1505 1694 1547 consilio

1022 1574 1196 1630 Queunt
1229 1579 1415 1631 possunt

1021 1646 1237 1696 Quaestor
1257 1649 1532 1691 consiliarius
1555 1650 1627 1705 qui
1653 1649 1881 1705 pecuniam
1902 1666 1937 1690 45

1903 1304 1937 1327 40

1081 1720 1257 1775 publica
1288 1725 1526 1778 praerogat

1021 1792 1230 1841 Quaestio
1268 1794 1534 1837 examinatio

1021 1865 1252 1914 Quaeritat
1281 1867 1452 1920 quaerit

1021 1936 1335 1986 Quaestuarius
1370 1939 1443 1994 qui
1473 1942 1654 1994 questus
1689 1939 1882 1995 corporis

1079 2010 1193 2052 uibit

1021 2082 1218 2137 [Quaetit
1251 2084 1447 2126 concutit
1480 2084 1548 2125 uel
1583 2084 1832 2126 commobet

1020 2154 1240 2205 Quaerens
1297 2156 1558 2211 quaerulans
1616 2157 1684 2198 uel
1737 2157 1884 2211 depre-
1904 2173 1937 2198 50

1083 2243 1185 2270 cans

216 2382 249 2426 1)
276 2392 314 2415 m
339 2381 407 2418 dez.
433 2393 478 2418 m.
506 2393 534 2420 s,
561 2381 668 2428 XVn
687 2382 724 2427 2)
752 2380 898 2424 Quaeso
925 2392 1018 2418 corr.
1044 2393 1089 2417 m.
1118 2386 1136 2416 1
1158 2384 1170 2427 ΙΙ

215 2517 245 2549 1.
274 2513 445 2556 Quadere
472 2526 522 2550 ae
551 2515 554 2560 Ι
583 2525 656 2558 quo
682 2527 706 2549 α
729 2517 741 2560 ΙΙ
767 2519 798 2550 3.
827 2526 941 2559 quam
966 2514 1111 2560 pridem
1138 2527 1157 2550 c
1181 2517 1192 2560 ΙΙ
1219 2520 1249 2552 4.
1278 2526 1388 2550 uerso
1414 2527 1432 2551 c
1455 2518 1459 2561 Ι
1482 2518 1589 2561 patre
1610 2528 1629 2552 c
1647 2518 1659 2563 ΙΙ
1679 2520 1712 2552 5.
1740 2516 1876 2559 Quam-

118 2573 235 2609 totius
256 2586 284 2610 c.
326 2574 557 2617 Quantocius
579 2587 601 2609 ιι
631 2575 634 2621 Ι
664 2574 779 2609 cicius
807 2588 825 2611 c
851 2577 862 2621 ΙΙ
889 2580 919 2610 6.
949 2575 1181 2620 Quandoque
1208 2588 1257 2611 ac
1281 2578 1292 2622 ΙΙ
1320 2580 1350 2612 8.
1379 2575 1563 2621 quidergo
1590 2588 1643 2612 ac
1667 2579 1678 2623 ΙΙ
1705 2582 1736 2612 9.
1765 2576 1882 2619 Quas-

120 2645 202 2668 sum
229 2646 247 2670 c
270 2638 274 2679 Ι
297 2634 484 2679 quomodo
514 2638 551 2679 (o
577 2646 622 2670 em
649 2645 671 2669 a
692 2638 731 2679 a)
760 2647 808 2671 ac
827 2637 839 2681 ΙΙ
868 2639 922 2670 10.
951 2634 1118 2669 consiliis
1145 2648 1168 2670 α
1191 2636 1196 2682 Ι
1219 2636 1279 2670 uel
1307 2635 1453 2670 uexatis
1480 2648 1546 2672 om.
1574 2649 1602 2672 c.
1642 2636 1701 2671 uel
1729 2648 1795 2672 om.
1823 2649 1846 2672 a
1872 2663 1881 2683 Ι

119 2693 268 2738 aliquas
295 2706 313 2730 c
332 2695 344 2739 ΙΙ
366 2698 420 2730 12.
448 2694 698 2738 quadi-atione
725 2707 744 2730 c
766 2699 770 2739 l
794 2695 852 2729 uel
881 2694 1046 2739 qualiter
1071 2706 1118 2729 an
1142 2698 1226 2740 (aut
1245 2700 1278 2740 c)
1302 2708 1367 2741 pro
1390 2707 1432 2731 eo
1454 2697 1554 2741 quod
1576 2708 1623 2731 an
1647 2697 1826 2741 (quodam
1846 2702 1880 2734 c)

119 2765 185 2798 pro
213 2765 330 2798 usque
359 2758 449 2799 (quo
476 2766 593 2799 usquc
619 2759 653 2799 e)
681 2767 730 2791 ac
763 2758 774 2802 ΙΙ
810 2760 863 2791 14.
891 2768 958 2792 om.
986 2768 1005 2791 c
1027 2757 1031 2801 Ι
1055 2754 1276 2802 cuicumque
1302 2770 1326 2792 (ι
1345 2760 1357 2803 ΙΙ
1376 2762 1432 2793 20.
1461 2757 1620 2802 Quaqua
1646 2769 1795 2792 uersum
1822 2771 1846 2793 a
1872 2760 1883 2804 ΙΙ

119 2817 175 2849 21.
202 2815 376 2859 portatus
403 2827 427 2849 a
445 2816 455 2860 J¹
476 2819 532 2850 22.
560 2826 614 2850 om
654 2827 677 2850 α
695 2816 707 2861 ΙΙ
729 2821 783 2851 23.
806 2819 861 2851 24.
890 2816 949 2850 uel
977 2827 1043 2851 om.
1071 2829 1095 2851 α
1114 2818 1125 2861 ΙΙ
1145 2821 1202 2852 25.
1229 2828 1268 2852 re
1295 2830 1317 2852 α
1337 2820 1349 2863 ΙΙ
1368 2821 1424 2852 26.
1447 2820 1594 2862 partem
1620 2829 1803 2862 perquam
1828 2830 1850 2852 a
1871 2823 1882 2864 j!

119 2878 176 2909 27.
203 2886 270 2910 om.
297 2888 321 2910 a
363 2876 376 2920 ΙΙ
419 2878 476 2909 28.
504 2886 571 2910 om.
599 2887 651 2910 ae
687 2878 699 2920 ΙΙ
737 2880 794 2912 29.
822 2876 990 2921 aliquam
1009 2888 1028 2911 c
1065 2878 1076 2923 ΙΙ
1113 2881 1170 2912 30.
1197 2878 1357 2922 possunt
1382 2889 1400 2912 c
1445 2879 1457 2922 ΙΙ
1500 2882 1556 2912 31.
1584 2877 1771 2922 possimus
1797 2890 1846 2913 ac
1871 2882 1881 2925 ΙΙ

120 2938 175 2969 32.
203 2929 269 2969 om.
297 2946 320 2968 a
339 2936 350 2980 ΙΙ
370 2938 426 2969 33.
456 2933 648 2978 Quemque
676 2947 725 2970 ccc
747 2939 752 2980 Ι
775 2946 1010 2980 quecumque
1037 2948 1056 2971 c
1074 2937 1085 2981 ΙΙ
1106 2941 1161 2972 34.
1189 2949 1255 2973 om.
1277 2950 1301 2973 α
1323 2942 1326 2982 Ι
1350 2949 1622 2982 quemcumque
1648 2950 1666 2973 c
1685 2940 1697 2982 ΙΙ
1717 2942 1772 2974 35.
1802 2938 1881 2972 fini-

119 3004 212 3028 neae
233 3006 251 3029 c
269 2996 281 3039 ΙΙ
301 2998 358 3029 36.
379 2994 627 3036 Quaerentem
655 3007 704 3031 ac
727 2997 729 3042 Ι
753 2995 1049 3040 interrogantem
1077 3009 1126 3032 ac
1144 2998 1156 3042 ΙΙ
1176 3002 1232 3033 37.
1259 2997 1387 3043 grauis
1414 3010 1433 3033 c
1452 3001 1463 3044 ΙΙ
1483 3002 1539 3033 38.
1567 3009 1669 3033 ineas
1694 2997 1819 3033 indico
1846 3011 1880 3034 (ι.

120 3053 314 3088 mansdico
335 3066 354 3089 c
375 3057 380 3099 Ι
404 3053 462 3088 uel
486 3054 654 3098 querella
675 3055 822 3100 depono
842 3067 909 3091 om.
931 3067 950 3090 c
968 3057 980 3100 ΙΙ
1000 3060 1055 3090 41.
1071 3056 1134 3090 uel
1154 3057 1323 3101 querella
1343 3070 1376 3093 a.
1411 3057 1574 3101 anquela
1594 3070 1612 3093 c
1631 3061 1642 3104 ΙΙ
1662 3063 1717 3094 42.
1734 3058 1880 3101 Quaeso

121 3126 170 3149 ac
195 3115 207 3159 ΙΙ
232 3120 288 3149 45.
316 3113 479 3158 pecunia
504 3126 553 3149 ac
582 3115 585 3161 Ι
614 3114 768 3160 puplica
793 3128 817 3150 a
843 3117 853 3160 ΙΙ
882 3119 940 3151 47.
967 3127 1034 3150 om.
1061 3128 1080 3151 c
1098 3118 1109 3162 ΙΙ
1128 3120 1186 3152 48.
1213 3119 1349 3161 questu
1375 3129 1424 3153 ac
1453 3119 1455 3165 Ι
1485 3117 1583 3152 uiuit
1607 3130 1656 3154 ac
1685 3120 1688 3165 Ι
1717 3121 1882 3164 sequitur

121 3175 162 3208 ‘in
181 3186 222 3209 a:
249 3173 414 3216 Quercus
441 3173 659 3209 ilicisimilis
687 3186 734 3209 an
760 3175 835 3209 ilex
854 3177 866 3220 ΙΙ
894 3179 950 3210 49.
979 3175 1039 3210 uel
1066 3188 1132 3212 om.
1160 3190 1181 3212 α
1206 3179 1210 3223 Ι
1234 3180 1445 3212 commouet
1471 3191 1493 3213 ιι
1512 3180 1524 3224 ΙΙ
1545 3181 1600 3213 50.
1628 3178 1690 3213 uel
1716 3190 1782 3215 om.
1810 3193 1833 3216 α
1851 3182 1863 3227 ΙΙ
