2170 3522
615 218 827 254 GLOSSAE
855 218 1042 255 CODICIS
1067 219 1300 255 VATICANI
1326 224 1414 255 3321
1801 221 1881 261 177

140 327 264 370 Stiua
296 328 464 370 manica
497 329 630 370 aratri
1032 329 1233 372 Subnexa
1266 330 1464 372 subiecta
1494 330 1563 372 uel
1597 330 1824 384 supposita

139 398 250 441 Stilo
283 399 407 455 graui
440 400 656 454 scriptura
1033 400 1207 444 Subolis
1240 401 1342 444 filiis

140 469 286 513 Storia
337 485 461 512 omne
508 471 621 525 quod
666 473 803 514 sterni
846 476 994 528 potest
1035 472 1368 528 Subpeditantia
1418 489 1503 528 qua
1553 473 1737 516 facultas
1790 474 1885 516 sub-

199 543 289 585 siue
323 543 373 584 de
404 543 518 597 pelle
544 542 710 585 factum
731 544 821 586 siue
850 545 994 599 aliquo
1092 545 1260 599 peditat

199 628 354 670 genere
388 614 570 656 storiam
603 615 821 669 dicebant]
1035 615 1351 671 Subpeditabat
1403 618 1619 672 pendebat
1671 620 1746 659 aut
1795 632 1887 672 pre-

258 685 324 728 De
357 701 376 727 s
410 689 454 728 et
485 702 513 728 u
1093 688 1240 729 stabat

103 771 119 797 5
141 756 228 800 Sua
260 760 414 812 sponte
447 773 525 800 sua
553 759 780 801 uoluntate
1036 758 1226 814 Subplex
1258 775 1433 815 praeces
1465 761 1647 803 fundens
1907 772 1942 797 30

140 828 349 871 Suauium
382 830 610 872 obsculum
643 846 668 873 a
701 831 919 873 suauitate
1035 830 1282 886 Supparent
1315 833 1515 887 suppleat
1548 836 1623 874 aut
1655 836 1836 887 pareant

140 901 341 944 Subactis
374 902 588 944 deuinctis
621 903 691 944 uel
723 903 925 945 edomitis
1035 902 1263 956 [Susurrat
1294 907 1538 946 murmurat

140 972 229 1016 81110
263 976 382 1015 astra
414 974 494 1016 sub
528 974 646 1016 caelo
1034 974 1278 1030 Suspensus
1311 976 1513 1018 induuius
1540 977 1608 1018 uel
1635 977 1889 1019 inconstans

140 1044 383 1087 Subcubuit
415 1046 557 1087 uictus
591 1049 658 1088 est
1034 1045 1295 1101 Subpeditat
1328 1048 1632 1090 subministrat

87 1130 120 1155 10
141 1116 384 1160 Subcentor
417 1118 683 1172 subsequens
1034 1117 1252 1160 Subnixus
1297 1119 1474 1161 humilis
1520 1121 1589 1162 uel
1635 1121 1887 1175 subpositus
1908 1130 1942 1156 3⁵

140 1188 230 1231 Sub
264 1189 431 1231 dicione
465 1190 544 1230 sub
577 1193 797 1244 potestate
1095 1193 1170 1231 aut
1202 1190 1457 1234 incumbens

141 1260 229 1303 Sub
257 1261 358 1303 diuo
385 1262 430 1303 10
450 1277 546 1304 rore
573 1263 653 1304 sub
682 1262 850 1317 patenti
877 1263 996 1304 caelo
1037 1261 1201 1317 Suopte
1235 1278 1312 1305 suo
1345 1264 1483 1319 ipsius
1510 1264 1723 1306 torridum

142 1332 359 1375 Subdolus
393 1334 567 1375 subtilis
1038 1333 1179 1376 Suntu
1212 1338 1305 1377 esto

142 1404 231 1448 Sub
277 1420 414 1461 aequa
458 1406 572 1447 libra
618 1406 697 1447 sub
736 1406 897 1448 librato
937 1407 997 1447 iu-
1039 1405 1253 1449 Suffectus
1287 1407 1551 1463 subrogatus

201 1477 313 1520 dicio
1037 1477 1261 1534 Suggiluit
1293 1479 1392 1535 gule
1425 1494 1579 1521 manus
1612 1480 1772 1536 ing-etit

90 1561 122 1587 15
143 1549 327 1606 Subegit
360 1549 504 1606 coegit
1038 1550 1276 1592 Succensor
1311 1551 1606 1593 inflammator
1911 1561 1946 1585 40

144 1621 409 1664 Subsecutus
443 1622 704 1678 subrogatus
1039 1622 1243 1678 Subpetit
1276 1624 1426 1665 subest

143 1693 333 1736 Subinde
366 1693 616 1748 frequenter
1039 1693 1247 1750 Suggerit
1280 1695 1502 1737 ministrat

143 1766 308 1809 Subdiu
341 1765 558 1822 refugium
590 1766 658 1808 uel
692 1768 907 1808 certantes
1040 1766 1185 1808 Subdo
1220 1767 1385 1809 subicio

144 1838 273 1880 Subit
303 1838 500 1880 subcedit
1040 1838 1252 1880 Subsciua
1285 1840 1594 1894 subsequentia
1626 1841 1695 1882 uel
1723 1856 1893 1883 succen-

91 1922 124 1947 20
145 1910 321 1953 Subicio
365 1910 604 1965 respondeo
644 1910 752 1951 addo
795 1909 862 1950 uel
903 1909 1000 1950 sub·
1098 1911 1244 1952 dentia
1276 1911 1345 1952 uel
1379 1911 1529 1953 dolosa

202 1983 363 2024 iectum
395 1982 507 2023 facio
1040 1981 1291 2024 Subsidium
1331 1982 1548 2038 refugium
1586 1984 1654 2025 uel
1695 1987 1891 2026 tutamen
1912 1992 1947 2017 45

146 2054 376 2097 Subiciunt
408 2054 659 2109 subponunt
1040 2054 1327 2110 Submergere
1361 2055 1541 2097 obruere

146 2126 291 2169 Subiit
316 2126 500 2168 intrauit
1040 2126 1151 2168 Sunt
1183 2126 1285 2168 mici
1316 2127 1456 2169 habeo

38 2207 120 2238 146r
146 2198 411 2241 Sublimatus
445 2198 661 2239 exaltatus
1039 2197 1128 2240 Sub
1162 2198 1388 2241 moenibus
1420 2214 1554 2254 prope
1588 2215 1737 2241 murus

147 2269 379 2312 Sublatum
411 2271 684 2312 subtractum
1041 2268 1128 2311 Sub
1162 2270 1325 2311 uertice
1338 2269 1367 2325 l)
1403 2271 1482 2312 sub
1518 2272 1738 2313 cacumine

93 2353 127 2379 25
148 2341 349 2397 Sublegit
382 2342 571 2384 subtrait
603 2342 672 2384 uel
706 2341 828 2384 collit
1042 2340 1284 2383 Subeorum
1317 2342 1438 2397 regio
1471 2343 1546 2384 ubi
1579 2346 1650 2385 tus
1682 2344 1877 2386 nascitur
1915 2349 1949 2375 ⁵0

243 2486 278 2528 1)
299 2488 383 2529 post
408 2495 473 2519 uer
498 2496 604 2520 erasa
629 2495 651 2518 a
670 2485 681 2529 [Ι

245 2608 275 2639 1.
297 2604 412 2639 Steua
436 2617 460 2639 a
479 2606 490 2648 ΙΙ
510 2608 541 2639 2.
563 2603 694 2648 graffio
721 2615 745 2638 ιι
763 2605 775 2648 ΙΙ
795 2608 828 2639 3.
848 2607 1019 2639 secuntur
1039 2604 1080 2638 ἐπ
1100 2615 1122 2637 α
1143 2606 1165 2637 9
1184 2603 1322 2649 91033(ιο
1341 2605 1493 2639 aliunde
1513 2605 1657 2640 illatae:
1683 2606 1727 2648 cf.
1744 2607 1864 2650 praef.
1887 2608 1896 2617 ”

148 2667 180 2699 4.
208 2676 274 2699 om.
301 2676 350 2700 ac
392 2666 404 2710 ΙΙ
449 2668 479 2699 G.
508 2663 674 2697 osculum
699 2665 777 2698 sine
803 2674 825 2697 a
851 2675 885 2699 α.
924 2662 1133 2697 0000011010
1159 2675 1178 2698 0
1220 2665 1232 2707 ΙΙ
1277 2667 1306 2698 7.
1335 2663 1494 2697 deuictis
1522 2677 1543 2698 α
1585 2666 1589 2708 Ι
1629 2664 1815 2699 edomitus
1842 2677 1860 2700 0
1885 2667 1895 2710 ⁴3]

152 2727 205 2758 10.
233 2723 460 2767 sobsequens
481 2736 504 2758 a
526 2730 530 2767 1
554 2734 602 2757 an
628 2724 758 2757 cantor
776 2723 860 2758 add.
882 2734 931 2757 (ιο
950 2723 960 2766 ΙΙ
984 2726 1035 2756 ll.
1059 2721 1275 2757 Sudictione
1296 2734 1314 2757 0
1332 2724 1344 2768 ΙΙ
1366 2728 1418 2758 12.
1441 2723 1581 2758 Subibo
1602 2736 1620 2759 0
1643 2727 1646 2768 ξ
1669 2726 1823 2769 patente
1843 2737 1867 2759 a

152 2788 204 2818 14.
232 2782 366 2817 iuditio
393 2795 411 2818 0
430 2785 440 2829 ΙΙ
464 2786 516 2819 15.
544 2782 619 2817 coit
644 2795 667 2817 α
686 2785 697 2828 ΙΙ
718 2787 772 2817 16.
802 2782 1000 2816 Subfectus
1028 2781 1241 2826 subrogatis
1269 2794 1286 2817 0
1305 2784 1316 2828 ΙΙ
1338 2786 1392 2818 18.
1414 2785 1602 2818 certamen
1629 2796 1681 2819 ac
1700 2786 1711 2829 ΙΙ
1733 2788 1786 2819 19.
1809 2784 1894 2818 sub-

151 2842 249 2877 sedit
273 2856 306 2878 a.
346 2842 514 2878 succedit
539 2854 557 2878 0
599 2844 610 2887 ΙΙ
653 2847 708 2877 20.
737 2841 881 2876 Subitio
909 2853 927 2876 0
967 2844 971 2884 1
1014 2841 1222 2886 suspendeo
1248 2854 1266 2877 0
1329 2843 1399 2878 ade
1426 2855 1445 2878 0
1473 2845 1477 2887 Ι
1507 2843 1567 2878 uel
1593 2856 1658 2879 om.
1688 2856 1736 2878 ac
1772 2846 1776 2888 Ι
1812 2844 1897 2878 sub-

149 2902 246 2937 iecto
273 2915 292 2939 0
323 2905 334 2948 Η
365 2908 421 2938 21.
450 2901 611 2937 Subiunt
635 2914 659 2937 a
692 2903 697 2947 Ι
734 2902 922 2946 suponunt
947 2912 965 2936 0
996 2902 1008 2945 [Ι
1039 2904 1095 2935 25.
1123 2900 1183 2935 uel
1210 2912 1275 2937 om«.
1303 2914 1352 2937 ac
1380 2902 1384 2949 Ι
1419 2902 1575 2947 collegit
1600 2915 1632 2938 α.
1672 2902 1818 2947 colligit
1843 2915 1861 2938 0
1886 2943 1896 2949 Ἣ

151 2966 207 2998 27.
235 2974 300 2997 om.
328 2974 351 2997 α
379 2963 390 3006 ΙΙ
422 2965 477 2997 28.
506 2960 725 3006 subpeditas
751 2974 775 2996 a
799 2963 811 3006 ΙΙ
836 2965 891 2996 29.
920 2961 986 2994 aut
1011 2972 1075 2995 om.
1104 2973 1127 2996 α
1152 2962 1164 3005 ΙΙ
1190 2964 1246 2996 30.
1273 2972 1422 3006 precem
1447 2974 1481 2997 a.
1518 2967 1623 3007 pcem
1651 2974 1668 2997 0
1693 2964 1704 3006 {fi
1730 2967 1784 2998 31.
1813 2974 1898 3007 sup-

151 3022 281 3066 pleant
306 3033 355 3056 ac
377 3023 381 3066 Ι
405 3032 452 3055 an
478 3022 613 3066 parent
637 3032 665 3056 0.
705 3021 914 3065 appareant
938 3032 961 3054 (ι
987 3021 998 3064 Η
1024 3024 1078 3054 33.
1105 3018 1283 3054 indubius
1310 3033 1334 3055 a
1363 3022 1365 3065 J
1395 3021 1456 3055 uel
1482 3033 1547 3056 om.
1575 3034 1597 3056 α
1623 3023 1634 3066 ΙΙ
1663 3027 1718 3057 35.
1745 3022 1898 3057 humilis

153 3081 400 3116 subcumbens
427 3082 577 3126 interpr.
604 3092 628 3115 a
653 3082 664 3126 ss
689 3084 744 3116 36.
772 3092 838 3116 om.
866 3092 889 3115 α
913 3080 924 3124 ΙΙ
958 3083 1013 3114 37.
1041 3078 1156 3113 sunto
1182 3091 1207 3114 a
1237 3080 1248 3124 ΙΙ
1280 3084 1336 3117 39.
1363 3080 1570 3125 Suggilluit
1595 3094 1618 3116 a
1641 3085 1645 3126 Ι
1673 3081 1815 3126 ingecit
1839 3095 1863 3117 α
1888 3084 1899 3129 Η

153 3145 210 3177 44.
230 3140 426 3176 Subsiciba
445 3153 468 3175 av
490 3142 494 3185 Ι
517 3138 578 3173 001
597 3151 663 3175 om.
686 3152 709 3174 α
731 3140 735 3186 Ι
759 3138 999 3174 succedentia
1019 3151 1042 3173 α
1060 3140 1072 3184 ΙΙ
1091 3142 1147 3174 45.
1168 3138 1229 3173 uel
1249 3151 1313 3174 om.
1330 3152 1353 3174 α
1372 3141 1383 3184 ΙΙ
1403 3145 1458 3175 47.
1479 3153 1543 3176 om.
1561 3154 1583 3176 α
1602 3144 1614 3187 ΙΙ
1633 3145 1688 3176 48.
1703 3153 1826 3176 muros
1846 3155 1870 3177 a
1888 3143 1900 3190 Η

155 3205 210 3236 50.
235 3201 322 3235 thus
349 3214 372 3236 a
390 3203 401 3246 ΙΙ

227 3267 312 3298 Corp.
333 3268 424 3299 gloss.
443 3267 497 3292 lat.
520 3268 592 3292 tom.
614 3266 658 3292 IV
1571 3264 1612 3294 12
