2170 3522
808 172 1019 229 GLOSSAE
1046 173 1239 208 ABAVVS
1810 173 1895 214 349

154 281 261 324 Hiat
293 283 432 339 aperit
464 283 632 325 inuadit
1046 283 1167 325 Hoce
1202 284 1283 325 hoc
1317 286 1463 325 autem

153 354 312 396 Hiatus
346 355 498 396 fissara
530 355 600 396 uel
633 356 800 410 apertio
835 358 975 397 terrae
1043 354 1209 397 Hocine
1242 355 1324 397 hoc
1356 371 1459 397 uero

152 426 311 468 Hiatus
342 426 579 481 patefactio
1043 425 1139 468 Hoc
1178 427 1370 481 dipluma
1409 431 1452 469 et
1498 428 1603 470 haec
1648 429 1895 483 deplomata
1915 439 1949 463 30

152 497 346 539 Hiberna
385 501 585 553 tempora
617 498 686 539 uel
720 501 863 540 castra
895 499 1004 540 mili-
1103 498 1215 539 sicut
1263 501 1452 540 octemat
1497 502 1540 541 et
1583 500 1689 542 haec
1734 503 1895 542 temate

210 572 303 611 tum
336 570 411 611 ubi
442 570 637 612 hiemant
1104 572 1170 612 est
1203 571 1348 611 autem
1380 571 1573 625 dipluma
1605 572 1840 627 duplicatio

116 650 132 676 5
150 640 346 683 Hiberna
377 641 542 683 hiemat
1043 641 1137 683 Hoc
1168 641 1393 696 planetum
1426 658 1451 683 a
1481 643 1610 697 plano

151 712 347 755 Hiberna
388 714 484 756 loca
522 714 661 755 calida
698 716 877 769 propter
917 714 1004 756 hie-
1042 712 1183 755 Hodie
1215 715 1317 768 post
1349 713 1507 768 tripide

211 800 324 827 mem
355 785 472 828 facta
1045 785 1223 827 Holitur
1254 784 1434 826 horcula

157 856 371 899 Hibernus
404 859 455 899 ut
487 860 658 912 tempus
691 860 740 899 ut
773 857 932 899 mensis
1045 856 1185 898 Holus
1218 856 1368 898 holera

152 927 265 970 Hinc
298 929 451 971 dehinc
483 944 535 970 ex
565 929 647 971 hac
679 932 801 984 parte
979 937 984 942 '
1043 928 1258 970 Homulus
1290 928 1422 970 homo
1456 929 1600 971 breuis
1915 940 1948 965 35

66 1006 128 1037 821
153 998 267 1041 Hinc
300 1002 430 1055 atque
463 1001 560 1042 inde
594 1001 851 1043 altrinsecus
1042 999 1240 1042 Honesta
1273 1001 1478 1055 opulenta

103 1082 136 1107 10
155 1070 269 1113 Hinc
300 1087 353 1113 ne
386 1073 430 1113 in
464 1087 548 1128 quo
582 1087 685 1129 ergo
1042 1072 1264 1114 Honestus
1298 1073 1451 1114 decens
1485 1075 1684 1129 egregius

150 1142 307 1185 Hirnia
338 1159 485 1186 ramea
1043 1144 1389 1186 Honorificentia
1421 1147 1666 1188 reuerentia

151 1214 359 1257 Hirsutus
392 1230 573 1272 grussus
607 1220 803 1258 saetosus
836 1217 1003 1271 pilosus
1042 1215 1320 1258 Honorificus
1354 1216 1583 1260 munificus

152 1285 328 1328 Hirtum
360 1287 579 1329 hirsutum
1042 1287 1195 1329 Honus
1229 1288 1410 1329 saburra
1918 1299 1952 1322 110

150 1357 330 1400 Hiscere
363 1359 556 1401 desinere
589 1360 657 1401 uel
690 1360 809 1415 loqui
1042 1358 1269 1401 Honustus
1303 1361 1512 1415 grabatus
1546 1362 1614 1402 uel
1648 1362 1866 1417 gloriosus

101 1439 133 1465 15
153 1429 298 1472 Hiscit
331 1431 471 1486 aperit
503 1431 711 1486 patefacit
1043 1430 1341 1486 Horripilator
1372 1432 1522 1475 horret

151 1501 351 1544 Hiscinet
383 1502 519 1558 ipsius
553 1506 698 1545 autem
1042 1500 1212 1545 Horror
1243 1506 1383 1546 terror

151 1572 295 1616 Hiscit
326 1575 505 1629 patiscit
538 1575 731 1630 aperitur
763 1575 915 1617 incidit
1042 1574 1259 1617 Hortatur
1291 1576 1476 1631 instigat
1509 1577 1628 1632 cogit

152 1645 350 1688 Hiscitur
382 1647 592 1689 diuiditur
1043 1646 1232 1690 Hoscine
1264 1648 1347 1690 1100
1380 1663 1483 1689 uero
1918 1658 1952 1682 1⁵

150 1716 286 1759 Hisco
318 1718 398 1760 h6s
431 1734 587 1774 apereo
1043 1719 1205 1775 Hospis
1238 1734 1420 1776 pereger

98 1799 133 1824 20
151 1788 337 1844 Hispida
369 1791 584 1833 saeticosa
615 1791 792 1846 spinosa
822 1791 964 1846 pilosa
1043 1791 1206 1833 Hostes
1239 1792 1481 1847 perduelles

151 1860 362 1916 Hispidus
396 1863 616 1917 squalidus
1045 1863 1204 1905 Hostia
1236 1864 1416 1906 uictima

153 1932 415 1989 Histispices
448 1935 568 1991 ligna
600 1936 670 1977 uel
702 1935 839 1977 fustes
1045 1935 1234 1977 Hostilis
1268 1937 1321 1978 ab
1355 1937 1482 1978 hoste

153 2004 353 2048 Historia
385 2008 448 2049 rei
479 2008 762 2062 praeteritate
1045 2007 1320 2063 Hostispices
1353 2010 1572 2064 aruspices
1919 2016 1953 2042 50

153 2075 401 2120 Historicus
435 2080 508 2134 qui
541 2080 722 2122 storiam
754 2079 858 2121 fecit
1045 2079 1199 2121 Hostit
1233 2084 1390 2135 aequat
1423 2081 1626 2137 adplanat

101 2157 134 2183 25
154 2147 336 2191 Histrex
369 2151 600 2207 quadripes
634 2152 859 2207 spinosus*
1046 2151 1142 2194 Hoc
1175 2167 1310 2207 usque
1347 2156 1524 2194 actenus

153 2219 402 2264 Histriones
436 2224 667 2266 saltatores
702 2224 859 2266 scenici
1046 2224 1214 2266 Huicne
1247 2239 1409 2279 usquae
1442 2225 1512 2267 hic

154 2292 250 2335 Hoc
290 2295 543 2351 amuiguum
584 2299 627 2338 et
665 2297 770 2338 haec
804 2295 1008 2352 amuigua
1047 2296 1357 2338 Huiuscemodi
1388 2297 1637 2339 huiusmodi

214 2367 420 2409 subaudis
454 2371 501 2410 ut
532 2369 710 2424 negotia
1046 2368 1273 2423 Huiusque
1305 2368 1433 2410 huius
1467 2384 1569 2411 uero

251 2511 282 2543 2.
310 2508 442 2544 fissura
469 2510 546 2545 bcle
581 2511 593 2555 ΙΙ
631 2514 662 2545 3.
689 2509 841 2556 Hiatus]
866 2510 1040 2544 Heberna
1066 2522 1115 2546 ac
1151 2512 1162 2554 ΙΙ
1199 2515 1231 2545 4.
1258 2509 1444 2545 Hibernat
1468 2523 1517 2546 ac
1551 2514 1555 2556 Ι
1596 2513 1762 2557 tempore
1789 2515 1865 2548 abc
1893 2514 1897 2562 Ι

154 2569 309 2612 gemant
334 2580 352 2604 0
382 2571 393 2615 ΙΙ
425 2573 457 2604 5.
484 2568 668 2604 Hiber-nat
694 2571 772 2605 bde
806 2573 810 2615 Ι
845 2571 973 2615 gemat
997 2581 1016 2605 c
1046 2571 1057 2615 ΙΙ
1091 2573 1120 2605 7.
1149 2571 1215 2604 aut
1239 2569 1377 2605 mensis
1404 2583 1452 2606 ac
1483 2572 1494 2616 ΙΙ
1533 2575 1588 2607 12.
1616 2574 1759 2606 setosus
1787 2574 1865 2609 bele
1893 2574 1897 2620 Ι

155 2627 310 2663 uillosus
337 2629 385 2663 de
421 2630 433 2672 ΙΙ
472 2634 525 2664 14.
553 2628 715 2664 desinire
741 2631 772 2666 b.
823 2629 978 2665 desiniri
1003 2641 1053 2665 ac
1089 2631 1101 2673 ΙΙ
1142 2633 1197 2664 16.
1224 2629 1376 2664 Hiscine
1402 2631 1451 2666 de
1491 2635 1495 2672 Ι
1536 2630 1618 2665 istis
1645 2632 1678 2666 d.
1730 2631 1821 2676 ipsis
1847 2644 1865 2668 e
1889 2633 1901 2680 ΙΙ

157 2691 212 2724 17.
237 2687 401 2732 patescit
426 2690 558 2724 abcde
592 2690 596 2734 Ι
631 2688 766 2724 incidit
790 2701 857 2725 om.
886 2702 934 2726 ac
965 2692 976 2735 ΙΙ
1009 2694 1064 2725 18.
1092 2689 1283 2724 deuiditur
1307 2702 1357 2726 ac
1385 2693 1396 2736 ΙΙ
1429 2695 1483 2725 19.
1511 2702 1551 2725 08
1578 2692 1704 2736 aperio
1731 2694 1865 2728 «bede
1890 2694 1902 2740 ΙΙ

156 2751 211 2783 20.
238 2749 362 2783 setosa
388 2749 436 2784 de
465 2751 476 2794 ΙΙ
502 2752 557 2783 23.
584 2748 812 2793 praeteritae
838 2748 934 2783 ratio
962 2749 1038 2784 bele
1056 2751 1068 2795 ΙΙ
1096 2753 1151 2783 24.
1179 2748 1350 2784 istoriam
1375 2763 1408 2786 a.
1459 2750 1656 2785 historiam
1682 2754 1758 2787 bele
1780 2754 1785 2798 Ι
1808 2752 1901 2788 facit

155 2808 207 2842 de
243 2810 254 2853 ΙΙ
292 2812 348 2844 25.
373 2807 517 2843 Histrix
542 2809 590 2844 de
633 2809 644 2853 ΙΙ
687 2813 744 2844 27.
771 2808 990 2853 ambiguum
1015 2809 1148 2844 abccle
1189 2813 1193 2853 Ι
1234 2809 1413 2855 ambigua
1445 2811 1552 2846 abde
1592 2818 1595 2853 Ι
1636 2811 1790 2855 negritia
1817 2824 1864 2847 ae
1889 2813 1900 2859 ΙΙ

156 2871 211 2902 28.
237 2867 360 2903 Hocce
386 2869 433 2903 de
471 2870 482 2914 ΙΙ
520 2872 575 2904 29.
602 2867 764 2903 Hoccine
791 2869 924 2904 abedo
960 2869 972 2913 ΙΙ
1009 2872 1064 2904 30.
1092 2867 1304 2914 diplumata
1330 2872 1408 2906 abc
1440 2873 1445 2915 Ι
1478 2870 1549 2904 1100
1574 2871 1717 2904 temata
1744 2873 1781 2905 et
1806 2871 1900 2908 haec

154 2928 298 2962 temata
330 2929 409 2963 bde
452 2929 462 2973 ΙΙ
506 2932 561 2962 32.
588 2929 674 2973 post
704 2927 816 2963 tridie
849 2929 905 2964 bc.
956 2927 1139 2976 postridie
1174 2941 1208 2964 a.
1258 2930 1467 2975 postpridie
1502 2931 1535 2964 d.
1586 2929 1819 2974 postpridiae
1847 2944 1863 2966 e
1896 2971 1897 2974 Ἴ

156 2992 210 3022 33.
238 2987 386 3022 Holitor
411 2988 544 3023 abcde
581 2989 585 3034 Ι
625 2988 812 3023 horticula
838 2989 886 3023 de
912 2992 944 3023 et
969 2992 1052 3023 ante
1077 3000 1169 3024 corr.
1196 2990 1226 3024 b.
1276 2989 1476 3024 hortucula
1501 3000 1550 3024 (ιο
1586 2991 1597 3034 ΙΙ
1634 2993 1690 3024 41.
1717 2992 1898 3034 grauatus

156 3048 235 3083 abc
253 3048 264 3092 ΙΙ
283 3052 339 3083 42.
366 3047 620 3093 Hori-ipilatur
645 3050 724 3084 abc
742 3050 754 3094 ΙΙ
773 3052 818 3082 45
856 3048 1015 3083 hosuero
1041 3060 1068 3084 e.
1120 3060 1250 3083 osuero
1277 3050 1312 3084 cl.
1350 3049 1420 3083 hoc
1447 3060 1533 3083 uero
1560 3060 1619 3083 ac.
1658 3049 1817 3084 hocuere
1843 3052 1863 3086 b
1890 3052 1900 3095 ΙΙ

156 3112 213 3143 46.
239 3119 393 3153 peregre
424 3108 485 3142 uel
519 3108 736 3153 peregrinus
762 3109 811 3143 de
853 3110 865 3152 ΙΙ
909 3111 963 3142 50.
991 3107 1208 3153 auruspices
1240 3110 1374 3144 abccle
1417 3111 1427 3153 ΙΙ
1472 3112 1526 3143 52.
1554 3108 1754 3153 Hucusque
1787 3111 1862 3146 bde
1888 3112 1899 3158 ΙΙ

158 3172 213 3203 53.
239 3158 379 3203 Huitne
405 3180 463 3204 ac.
508 3167 686 3203 Huiecine
711 3170 759 3205 de
777 3170 789 3214 ιι
