2232 3548
876 213 1148 248 PRAEFATIO
1773 213 1891 248 XLIII

140 325 256 363 teras
290 336 397 377 quae
431 322 585 377 dispici
616 337 704 364 non
738 325 925 377 possunt
957 326 973 364 t
1002 323 1068 365 uel
1097 326 1232 377 uocat,
1275 321 1391 364 Citra
1413 355 1421 364 .
1443 356 1451 364 .
1472 357 1499 377 .,
1540 321 1714 365 Citerior
1753 328 1798 376 (0
1829 323 1891 364 in-

144 394 281 449 certa)
314 396 357 435 et
382 396 484 447 post
517 393 631 435 circa
663 396 690 434 4
723 394 895 435 litteras
929 409 1036 449 quae
1070 394 1225 448 dispici
1256 409 1345 436 non
1369 397 1554 449 possunt
1579 408 1662 449 rae,
1694 393 1891 436 Citimum

141 464 202 518 (m
234 465 421 516 incerta)
459 467 502 505 et
539 467 641 518 post
680 464 793 506 circa
833 466 858 506 3
891 464 1063 506 litteras
1103 479 1211 519 quae
1251 465 1405 520 dispici
1442 480 1531 507 non
1562 468 1747 520 possunt
1779 466 1893 507 omni

141 535 183 589 (o
215 535 421 589 ineerta),
461 534 642 577 Citerum
681 550 922 576 *amacuomo
962 534 1187 591 (pleraque
1220 539 1322 590 post
1355 535 1536 578 Citerum
1566 534 1772 593 incerta),
1806 535 1893 578 Gir-

141 607 296 649 citer..
318 639 344 659 .‚
377 605 614 648 Circulatur
640 607 866 660 c****i*n*,
903 605 1203 659 Ciroyrctphum
1226 608 1406 660 propria
1436 608 1641 661 scriffim‘a
1672 607 1738 661 (ia
1768 609 1893 661 serip-

142 681 237 720 tum
268 680 441 732 praeter
465 692 498 731 p
529 678 753 732 incertae),
786 677 1007 720 Ci**u*s**
1042 692 1201 719 *neom
1233 678 1271 731 (ι’
1302 682 1346 720 et
1377 693 1418 720 m
1450 678 1671 727 incertae).

260 889 341 932 His
380 890 634 945 praemissis
672 890 845 945 prodire
878 890 1006 932 iubeo
1039 890 1201 932 librum
1234 890 1404 932 modico
1437 891 1656 932 volumine
1689 891 1895 945 plurimo-

143 977 239 1004 rum
277 964 320 1003 et
360 962 750 1017 grandissimorum
790 961 986 1004 codicum
1023 965 1097 1003 aut
1128 962 1347 1017 integram
1380 962 1640 1018 scripturam
1673 965 1747 1003 aut
1780 965 1895 1004 certe

143 1033 377 1075 medullam
410 1032 707 1074 exhibentem:
742 1047 868 1087 quem
902 1033 1112 1075 conficere
1138 1048 1227 1075 non
1250 1032 1376 1088 potui
1401 1034 1486 1075 nisi
1514 1034 1753 1075 multorum
1780 1033 1896 1075 adiu-

144 1107 215 1146 tus
247 1104 563 1159 benevolentia,
597 1119 737 1159 opera,
772 1104 944 1146 auxilio.
996 1103 1216 1154 Quantum
1250 1105 1430 1146 debeam
1462 1105 1720 1146 liberalitati
1747 1119 1896 1146 eorum

143 1176 388 1230 virorum,
416 1175 603 1231 quibus
630 1175 1074 1218 bibliothecarum
1101 1177 1359 1218 thensauros
1388 1176 1773 1233 glossographicos
1801 1191 1898 1219 con-

145 1246 341 1289 dentium
371 1261 491 1288 cura-
517 1247 793 1290 commissa
819 1250 913 1302 est7
946 1247 990 1289 id
1015 1248 1111 1302 ipso
1138 1247 1251 1289 libro
1279 1248 1419 1304 magis
1448 1263 1578 1302 quam
1604 1247 1748 1289 verbis
1777 1247 1898 1289 testi-

144 1318 266 1360 ficari
298 1318 441 1360 velim.
491 1318 558 1360 Ex
585 1318 740 1360 ceteris
769 1321 915 1360 autem
942 1318 1060 1373 viris,
1095 1334 1280 1374 quorum
1306 1322 1511 1375 prompta
1542 1319 1768 1361 voluntate
1794 1333 1899 1361 usus

147 1405 256 1445 sum,
281 1390 524 1445 principem
549 1390 694 1432 locum
722 1390 891 1432 obtinet
914 1389 1317 1445 GUNDERMANNUS,
1345 1391 1419 1446 qui
1447 1406 1577 1446 quam
1604 1392 1712 1433 bene
1739 1391 1789 1432 de
1816 1389 1899 1432 hoc

146 1476 316 1516 quoque
343 1461 561 1503 volumine
589 1462 770 1503 meritus
805 1462 862 1503 sit
890 1462 1066 1517 quaevis
1093 1463 1254 1518 pagina
1279 1463 1564 1518 praefationis
1593 1463 1730 1504 docet.
1786 1460 1898 1504 Sane

147 1532 298 1574 eodem
323 1532 416 1573 iure
444 1532 576 1574 etiam
602 1532 644 1575 in
673 1533 742 1574 his
770 1533 929 1589 glossis
957 1535 1131 1576 edendis
1160 1549 1334 1589 operam
1363 1538 1407 1576 et
1431 1535 1610 1577 nomina
1637 1534 1898 1590 coniungere

144 1603 387 1659 potuimus:
419 1603 505 1645 nisi
538 1604 693 1646 melius
726 1604 867 1646 visum
901 1608 1016 1647 esset
1049 1609 1178 1660 atque
1205 1606 1376 1660 utilius,
1409 1606 1537 1648 unius
1565 1606 1828 1648 auctoritate
1857 1608 1900 1647 et

145 1675 327 1717 arbitrio
362 1675 596 1731 guberna-ri
630 1675 786 1718 omnia.

265 1804 516 1848 Scribebam
550 1806 689 1861 lenae,
722 1822 867 1849 mense
903 1806 1161 1862 Septembri.
