2232 3548
375 221 470 255 XXX
481 222 557 255 Vlll
1112 218 1381 253 PRAEFATIO

374 331 428 370 tio
460 330 583 371 uerba
612 330 782 382 suroris,
814 327 1006 369 Jssaehata
1038 330 1200 377 munta,
1232 326 1400 368 Baccha
1434 327 1645 368 insaniens
1671 341 1696 368 α
1724 327 1858 382 bacho,
1884 326 2122 369 Bachatam

373 401 495 442 bacho
526 403 742 453 sacratam,
776 399 940 440 Bcwleat
969 398 1187 450 sacrifica-t,
1224 397 1394 439 Baclear
1421 410 1549 450 {senus
1579 398 1708 452 floris,
1739 398 1963 440 Bacham'a
1985 397 2120 452 furor,

376 471 633 512 Bacharmm
671 486 748 512 itas:
786 470 1008 522 aquarium
1045 469 1110 509 uel
1140 469 1356 509 ainardum
1388 482 1421 509 e.
1449 482 1488 521 q.
1516 482 1547 509 8.
1610 467 1733 510 Vnde
1767 468 1896 511 simul
1928 471 2121 524 apparet,

377 557 427 583 ex
454 541 716 595 interpolato
743 555 898 595 genere
927 539 1122 581 codicum
1149 554 1211 594 00,
1239 539 1353 593 quod
1374 541 1441 580 est
1461 538 1506 580 111
1525 538 1661 581 Paris.
1681 540 1756 582 lat.
1777 541 1906 596 6640,
1936 540 2121 595 pendere

376 612 635 667 glossarium
676 611 940 652 Salomonis:
983 624 1067 665 quo
1108 611 1157 652 de
1199 611 1328 665 paulo
1373 613 1474 665 post
1519 613 1684 666 agetur.
1740 611 1889 653 Etiam
1933 611 2121 653 alterum

375 683 635 739 glossarium
669 681 980 736 Salomonis,
1013 682 1126 736 quod
1160 696 1257 723 cum
1289 682 1431 736 priore
1458 682 1710 737 plerumque
1745 682 2036 738 coniungitur,
2069 696 2120 723 ex

376 753 608 795 ‘almvus’
635 753 794 809 glossis
822 754 961 794 multa
982 753 1192 807 recepisse
1215 752 1449 794 Loewius
1469 752 1618 795 Prodr.
1639 769 1678 808 p.
1694 754 1780 796 235
1801 756 1917 796 recte
1937 753 2119 795 monuit.

490 824 609 866 'Haec
637 825 773 880 igitur
800 824 1074 879 exemplaria,
1108 839 1290 879 quorun]
1317 839 1521 883 numerus
1554 825 1699 867 1103010
1728 840 1781 866 an
1809 825 1941 867 etiam
1968 825 2119 881 augeri

371 896 510 951 possit
526 894 555 952 ¹)
596 912 645 937 ex
684 895 963 938 bibliothecis
1002 895 1143 936 minus
1181 895 1318 950 notis,
1357 910 1619 950 quamquam
1653 896 1812 938 acriter
1845 911 1994 938 omnes
2027 911 2117 951 per-

371 968 679 1022 vestigavimus
714 968 909 1023 angulos,
943 968 996 1009 ad
1030 981 1137 1021 quos
1167 967 1309 1008 aditus
1336 967 1527 1022 patebat,
1559 967 1605 1008 111
1638 970 1890 1022 quattuor
1923 967 2120 1010 classes

370 1038 601 1093 digerenda
646 1041 770 1080 sunt:
816 1039 938 1079 duas
984 1038 1177 1080 classes
1222 1038 1416 1081 formae
1466 1039 1792 1094 sincerioris,
1836 1039 1959 1080 duas
2010 1038 2119 1080 item

372 1110 564 1150 formae
598 1110 920 1164 depravatae.
978 1108 1234 1151 Sincerioris
1267 1110 1432 1152 formae
1463 1109 1661 1165 prioris
1695 1110 1845 1152 classis
1879 1110 2003 1165 quasi
2035 1109 2120 1151 dux

370 1183 435 1221 est
470 1180 755 1222 Vossianus
788 1180 891 1222 Fol.
920 1182 1001 1236 82,
1036 1181 1088 1222 ad
1121 1196 1250 1235 quam
1282 1181 1493 1222 familiam
1525 1181 1746 1236 pertinent
1779 1181 1945 1223 codices
1977 1179 2118 1222 Pari-

372 1251 473 1293 sini
498 1252 573 1293 lat.
602 1253 734 1307 7603,
762 1253 887 1306 7641,
918 1252 1075 1306 14087,
1100 1251 1483 1294 Laurentianus
1512 1251 1552 1294 S.
1573 1252 1710 1294 Marci
1737 1253 1805 1306 38,
1831 1251 2119 1294 Vaticanus

377 1322 568 1377 Reginae
603 1322 850 1365 Christinae
885 1324 990 1364 310:
1025 1324 1265 1365 communis
1299 1327 1365 1365 est
1397 1324 1465 1365 his
1499 1324 1699 1365 omnibus
1732 1323 1980 1380 inscriptio,
2010 1337 2123 1366 com-

374 1394 520 1434 munia
559 1397 659 1435 sunt
698 1395 869 1450 singula
911 1394 1067 1449 multa,
1113 1395 1196 1436 etsi
1233 1409 1321 1436 non
1359 1396 1515 1437 desunt
1555 1410 1664 1449 quae
1703 1395 1959 1450 discrepent.
2023 1394 2120 1444 Quo

371 1465 483 1505 inter
528 1480 571 1506 se
618 1465 877 1507 cohaereant
923 1466 1095 1508 vinculo
1141 1466 1321 1522 artiore,
1365 1482 1459 1508 eam
1498 1466 1796 1521 quaestionem
1833 1468 1882 1507 ut
1920 1465 2120 1507 inutilem

372 1536 544 1577 mittere
576 1551 767 1590 possum.
798 1562 845 1566 —-
885 1536 1146 1579 Secundae
1186 1537 1374 1579 classis
1408 1538 1492 1579 dux
1525 1540 1592 1579 est
1625 1538 1758 1579 codex
1788 1536 2119 1579 Monacensis

375 1607 535 1662 14252,
575 1616 760 1662 quocum
800 1611 892 1650 arte
926 1609 1145 1651 coniuncti
1179 1611 1279 1650 sunt
1312 1608 1479 1650 codices
1514 1608 1784 1651 Parisinus
1818 1608 1891 1650 lat.
1927 1609 2041 1651 7680
2074 1611 2118 1650 013

373 1678 859 1733 Montepessulanus
885 1679 927 1720 H
952 1680 1045 1721 152.
1090 1679 1259 1721 Horum
1286 1695 1456 1735 quoque
1485 1682 1528 1721 et
1554 1679 1782 1735 inscriptio
1809 1682 1853 1721 et
1879 1679 2120 1736 singularia

373 1750 510 1791 multa
550 1750 811 1805 conspirant.
877 1750 1065 1792 Omnino
1105 1751 1346 1792 differentia
1384 1752 1498 1793 inter
1535 1754 1765 1806 utramque
1810 1750 1993 1792 classem
2029 1766 2118 1793 non

369 1820 432 1862 ita
471 1836 628 1877 magna
667 1825 750 1876 est,
790 1822 932 1864 11111101·
970 1823 1101 1864 etiam
1139 1823 1184 1864 in
1216 1823 1311 1878 ipsa
1344 1823 1562 1878 scriptura
1594 1837 1723 1878 quam
1754 1822 1800 1863 in
1831 1822 2117 1878 dispositione

368 1892 626 1946 glossarum.
672 1892 792 1942 Quod
820 1896 966 1935 tamen
994 1909 1069 1935 cur
1095 1894 1339 1936 accuratius
1371 1897 1599 1936 notaretur
1630 1894 1750 1935 nulla
1783 1908 1912 1935 causa
1937 1893 2033 1936 fuit.
2063 1919 2112 1924 —

368 1962 449 2004 His
488 1963 611 2005 libris
655 1965 880 2019 oppositae
915 1967 1015 2006 sunt
1048 1965 1173 2006 duae
1207 1965 1401 2007 classes
1437 1966 1667 2007 codicum
1699 1966 2118 2021 depravatorum,

368 2034 488 2076 cuius
531 2035 680 2077 classis
726 2036 912 2077 alterum
950 2050 1085 2091 genus
1125 2038 1391 2078 auctorum
1436 2036 1692 2078 librorum
1731 2050 1822 2077 esse
1864 2035 2003 2091 volui,
2048 2036 2116 2078 cui

368 2106 632 2147 attribuendi
666 2109 766 2148 sunt
798 2107 863 2148 hi:
903 2107 1069 2148 codices
1102 2106 1371 2149 Parisinus
1404 2107 1480 2149 lat.
1515 2107 1641 2162 7640,
1680 2106 1951 2149 Leidensis
1989 2106 2115 2150 Voss.

367 2176 458 2218 Fol.
477 2178 545 2230 24,
568 2177 882 2219 Bodleianus
909 2177 1085 2219 Auctar.
1106 2178 1140 2219 Τ
1161 2178 1204 2220 ΙΙ
1224 2180 1292 2233 24,
1319 2178 1664 2220 Londinensis
1691 2177 1838 2220 Addit.
1858 2192 1936 2220 ms.
1960 2178 2116 2232 18379‚

367 2247 682 2289 Aemilianus
702 2250 770 2300 44,
792 2249 1226 2291 Vindobonensis.
1268 2250 1336 2291 Ex
1358 2250 1514 2304 quibus
1536 2249 1766 2291 similiores
1788 2252 1890 2291 sunt
1913 2249 1955 2305 1)
1976 2249 2117 2292 Pari-

367 2319 509 2360 sinus
543 2322 586 2360 et
617 2319 951 2376 Bodleianus,
986 2320 1031 2376 2)
1057 2320 1327 2363 Leidensis
1354 2321 1661 2376 Vossianus,
1687 2320 2052 2376 Londinensis,
2077 2321 2115 2363 is

367 2390 440 2444 qui
474 2390 518 2431 in
551 2390 864 2450 glossarium
899 2390 1192 2434 Salomonis
1226 2393 1371 2447 fluxit3
1406 2392 1451 2448 3)
1485 2392 1815 2434 Matritensis
1849 2394 1892 2433 et
1924 2391 2114 2434 Vindo-

366 2461 622 2503 bonensis.
666 2460 937 2503 Parisinus
972 2463 1085 2504 enim
1119 2466 1162 2504 et
1194 2463 1508 2505 Bodleianus
1541 2462 1794 2517 interpolati
1826 2464 1928 2504 sunt
1953 2462 2112 2518 glossis

366 2533 479 2573 haud
506 2532 654 2587 paucis
681 2533 842 2587 partim
870 2548 920 2574 cx
949 2533 1199 2575 ‘affatim’
1228 2535 1399 2590 glossis,
1425 2535 1587 2589 partim
1613 2549 1664 2575 ex
1685 2533 1844 2589 glossis
1868 2532 2112 2575 Eucherii

366 2603 532 2657 petitis:
555 2604 750 2658 exempla
771 2619 820 2645 ex
843 2605 1076 2659 specimine
1099 2606 1211 2659 quod
1233 2606 1347 2647 infra
1365 2606 1641 2648 exhibebitur
1662 2604 1884 2647 commode
1901 2606 2112 2658 petentur.

368 2674 634 2715 Leidensis
662 2674 969 2731 Vossianus,
998 2675 1360 2732 Londinensis,
1394 2677 1429 2718 is
1458 2677 1531 2732 qui
1558 2677 1603 2718 in
1628 2675 1942 2732 glossarium
1970 2674 2112 2718 Salo-

369 2745 529 2786 monis
563 2745 687 2786 fiuxit
720 2760 770 2786 ex
805 2746 936 2787 simili
971 2747 1158 2800 quodam
1190 2747 1302 2788 libro
1336 2750 1465 2802 atque
1497 2746 1767 2788 Parisinus
1799 2746 2004 2801 pendent,
2037 2746 2111 2788 sed

367 2816 531 2857 adiecta
559 2818 660 2856 sunt
686 2816 825 2857 multa
851 2817 1034 2872 aliunde,
1066 2818 1264 2872 inprimis
1298 2819 1550 2861 vocabula
1580 2817 1844 2859 hebraica:
1877 2831 1962 2872 qua
1988 2817 2039 2859 de
2065 2832 2110 2859 re

367 2887 469 2927 olim
497 2887 707 2942 agendum
737 2887 828 2929 erit.
881 2887 1211 2930 Matritensis
1245 2893 1287 2931 et
1313 2889 1736 2932 Vindobonensis
1763 2888 1998 2943 exemplari
2022 2903 2111 2931 non

462 3004 494 3045 1)
521 3003 635 3037 Velut
665 3002 723 3036 his
755 3002 846 3048 ipsis
873 3003 1004 3038 diebus
1036 3008 1276 3040 accesserunt
1301 3005 1374 3040 duo
1403 3005 1550 3040 codices
1576 3004 1785 3050 persimiles
1811 3003 2018 3039 Parisini
2042 3004 2108 3040 lat.

369 3075 472 3096 nouv.
495 3062 633 3105 aequis.
658 3067 746 3097 1296
769 3074 864 3098 sace.
885 3063 952 3096 ΧΠ
980 3066 1017 3098 et
1041 3068 1127 3099 1297
1155 3075 1250 3099 saec.
1273 3064 1351 3109 XII,
1380 3065 1424 3099 de
1452 3064 1587 3108 quibus
1614 3064 1658 3099 cf.
1686 3063 1886 3109 Leopold
1911 3063 2108 3108 Delisle,

366 3121 557 3163 lllelunges
592 3121 636 3155 ‹le
674 3121 939 3166 paleographie
980 3124 1018 3156 et
1053 3123 1098 3157 de
1131 3123 1407 3168 bibliographie
1440 3123 1572 3167 (Paris.
1608 3125 1712 3167 1880)
1745 3135 1780 3168 p.
1808 3127 1852 3158 53
1869 3134 1923 3166 sq.
1957 3124 1996 3157 013
2029 3125 2107 3158 109.

368 3180 524 3223 Vtrique
553 3180 646 3215 libro
675 3183 733 3215 sat
757 3181 898 3215 multae
924 3181 1074 3226 glossae
1101 3182 1253 3216 aliunde
1280 3181 1411 3218 illatae
1438 3184 1534 3217 sunt.
