2170 3522
49 421 134 453 107r

591 159 804 195 GLOSSAE
832 158 1016 195 CODICIS
1044 157 1404 193 SANGALLENSIS
1432 161 1499 193 912
1830 157 1913 199 271

169 270 394 313 Percensit
427 271 674 313 considerat
1063 268 1271 311 Peresum
1304 271 1547 311 comestum

167 342 338 385 Peculit
358 343 635 398 perturbauit
656 342 789 385 adicit
808 342 1026 398 percussit
1063 339 1255 382 Pertulit
1287 341 1564 396 pei-turbauit
1596 339 1840 395 prostrabit

167 415 416 471 Perpetitur
447 414 615 470 patitur
1064 411 1310 454 Perlustrat
1342 413 1540 467 peruidet
1938 422 1972 446 30

167 486 404 542 Perplexus
437 485 661 528 inuolutus
694 485 883 527 temidus
1063 484 1312 539 Pergenuat
1345 484 1528 539 genibus
1560 483 1705 539 pergit

131 569 147 594 5
168 558 442 613 Pertemptat
474 557 699 613 perquiret
1063 555 1246 597 Persum
1279 555 1481 597 deorsum
1515 555 1851 611 praecipitatum

167 629 373 671 Perstans
405 644 669 685 praeuerans
1062 627 1257 669 Perimet
1290 627 1508 669 interficet
1948 633 2029 665 108¹·

166 701 414 743 Perduellio
447 701 685 743 rebellatur
1063 699 1341 742 Percrebruit
1357 698 1610 754 personauit
1621 698 1652 755 ¹)
1672 698 1920 754 puplicatus

166 773 363 829 Perpolit
396 773 540 829 coegit
1123 774 1189 813 est

167 845 398 887 Permotus
430 845 632 887 turbatus
666 845 880 887 excitatus
1062 842 1348 898 Perspicuum
1397 843 1679 885 manifestum
1736 842 1920 897 splendi-
1941 853 1975 878 35

115 932 148 957 10
168 917 486 960 Percunctatur
523 917 748 973 perquiret
780 918 1025 974 interrogat
1124 917 1219 956 tum
1251 915 1484 970 pulchrum

167 988 432 1031 Perbabitur
465 989 655 1032 decurrit
1063 986 1259 1028 Perfidus
1294 987 1368 1042 qui
1400 987 1529 1028 fidem
1561 987 1680 1042 rupit
1712 987 1843 1028 semel

168 1061 444 1104 Perniciosus
486 1076 511 1102 a
548 1062 804 1117 pernitendo
845 1063 918 1117 qui
951 1063 1026 1104 dat
1063 1059 1328 1101 Perfidiosus
1363 1059 1437 1114 qui
1470 1073 1640 1113 semper

228 1149 405 1190 operam
450 1148 582 1189 opera
628 1149 653 1175 a
689 1135 906 1189 perdendo
952 1134 1026 1176 ali·
1063 1131 1307 1187 Peripsima
1355 1131 1604 1174 humillima
1651 1133 1780 1185 atque
1825 1131 1921 1172 sub-

228 1221 326 1261 qem
359 1208 403 1247 et
433 1205 647 1260 pernicies
681 1206 840 1249 dicitur
1122 1203 1281 1260 iecta2)

167 1278 488 1321 Permultatum
533 1278 577 1320 in
622 1279 816 1321 omnium
865 1280 1027 1322 notitia
1064 1276 1366 1319 Perduellibus
1400 1275 1711 1318 rebellionibus

227 1351 434 1393 intimata
1065 1348 1276 1391 Perosum
1309 1348 1509 1390 odiosum
1941 1361 1977 1385 40

168 1422 468 1477 Perfunctorie
492 1423 750 1479 imaginarie
772 1424 1025 1479 transitorie
1066 1421 1272 1463 Pertinax
1303 1435 1587 1476 perseuerans

118 1509 151 1535 15
169 1495 324 1538 Petros
359 1509 598 1551 agnoscens
1065 1493 1321 1549 Perfugium
1353 1493 1474 1535 locus
1507 1492 1665 1548 refugii

168 1567 412 1610 Pernicitas
443 1567 655 1609 uelocitas
1066 1565 1278 1607 Peruicax
1300 1565 1425 1607 ualde
1446 1565 1658 1606 uerbosus
1679 1565 1921 1607 intentione

54 1652 142 1684 107u
168 1639 396 1695 Perpetrat
427 1639 579 1696 peagit
611 1640 851 1682 committit
1126 1638 1256 1679 durus
1291 1640 1334 1679 et
1367 1640 1600 1679 contumax

169 1711 436 1768 Perpesitius
470 1712 544 1767 qui
586 1711 837 1767 frequenter
869 1713 1028 1768 aliqem
1065 1708 1264 1751 Percitus
1296 1713 1560 1765 prouocatus

228 1784 396 1840 patitur
1067 1781 1289 1837 Perpetim
1322 1783 1539 1838 prolixum
1574 1781 1826 1824 continuum
1942 1793 1977 1817 45

170 1856 333 1912 Perper
364 1860 575 1912 perpetuo
1068 1854 1322 1897 Pernoscite
1355 1857 1541 1896 tractate

117 1945 151 1970 20
171 1929 427 1985 Peremptus
460 1929 718 1972 interfectus
1068 1926 1312 1984 Perclumss)
1347 1927 1690 1982 experimentum

174 2001 389 2044 Persistet
421 2005 672 2056 perseuerat
1069 2000 1150 2042 Per
1184 1999 1332 2042 eronia
1364 2015 1440 2055 per
1472 1998 1679 2040 inrisione

170 2073 392 2129 Perpende
424 2088 637 2129 perpensa
670 2077 802 2129 equat
1068 2072 1306 2115 Perdocilis
1340 2071 1465 2113 ualde
1499 2070 1650 2112 docilis
1954 2079 2040 2110 108¹*

171 2146 307 2188 Periti
340 2146 458 2188 docti
1068 2145 1273 2187 Perennis
1307 2147 1508 2186 aeternus
1944 2155 1979 2179 50

170 2217 380 2260 Perendie
411 2234 492 2274 pus
526 2234 621 2261 cras
1067 2216 1242 2259 Perlata
1275 2217 1465 2259 tolerata

119 2307 152 2332 ‘25
171 2290 432 2333 Perfunctus
465 2295 712 2334 transactus
1067 2289 1328 2345 Periscelide
1350 2304 1524 2332 crurum
1545 2291 1801 2331 ornamenta
1821 2290 1926 2343 aput

172 2363 412 2406 Perniciter
443 2364 653 2406 uelociter
1127 2361 1311 2404 feminas

172 2435 381 2479 Perhibet
412 2437 665 2492 pernuntiat
1066 2433 1281 2477 Percellet
1312 2434 1527 2490 peruertit
1560 2434 1710 2477 euellit

273 2569 306 2613 1)
332 2579 350 2601 r
373 2579 400 2603 s.
427 2580 459 2603 v.
485 2568 631 2613 scripsit
657 2580 701 2603 m.
730 2571 748 2602 1
770 2569 781 2613 ΙΙ
802 2568 836 2612 2)
861 2568 907 2613 92.
937 2568 1022 2603 add.
1051 2580 1094 2601 m.
1121 2567 1177 2611 211
1198 2568 1233 2610 3)
1260 2565 1456 2599 Perculum
1482 2578 1574 2601 corr.
1604 2578 1646 2600 m.
1673 2567 1729 2610 211

273 2694 303 2724 1.
330 2688 531 2723 Percenset
555 2688 606 2723 ab
637 2689 649 2733 ΙΙ
680 2691 713 2723 2.
740 2686 905 2722 Perculit
931 2688 1039 2723 abccl
1067 2691 1071 2731 1
1100 2685 1240 2721 abiecit
1265 2686 1374 2721 abed
1405 2687 1417 2731 {1
1448 2691 1480 2721 4.
1508 2685 1663 2720 timidus
1689 2685 1714 2720 (Ζ
1741 2687 1753 2731 ΙΙ
1786 2689 1816 2719 5.
1844 2695 1925 2729 per-

175 2749 292 2795 quirit
316 2751 367 2785 ab
399 2750 411 2795 ΙΙ
443 2753 473 2784 6.
500 2759 745 2793 perseuerans
772 2749 797 2783 d
827 2749 838 2793 ΙΙ
871 2752 902 2784 7.
929 2747 1133 2782 rebellator
1159 2747 1211 2782 bd
1235 2748 1246 2791 ΙΙ
1273 2750 1304 2781 8.
1331 2745 1502 2791 Perpulit
1527 2747 1611 2780 abd
1629 2747 1640 2789 ΙΙ
1662 2750 1716 2780 10.
1742 2744 1927 2789 perquirit

175 2811 228 2845 ab
248 2811 259 2854 ΙΙ
280 2813 334 2844 11.
362 2808 575 2844 Per-labitur
602 2809 653 2843 ab
673 2809 684 2854 Η
707 2812 759 2845 12.
782 2808 996 2854 aperdendo
1023 2820 1047 2842 a
1070 2812 1073 2850 1
1097 2807 1161 2852 qui
1182 2807 1248 2841 dat
1268 2817 1420 2851 operam
1441 2805 1489 2839 ad
1509 2805 1740 2850 perdendum
1761 2803 1926 2848 aliquem

174 2868 259 2904 ideo
286 2871 325 2904 et
349 2867 534 2914 pernicies
557 2867 752 2912 (pernities
773 2870 810 2912 b)
832 2867 971 2902 dicitur
990 2868 1041 2902 ab
1062 2870 1073 2913 [Ι
1095 2871 1148 2901 13.
1170 2866 1454 2911 Permulgatum
1474 2867 1536 2901 ab.
1562 2864 1847 2909 promulgatum
1866 2864 1891 2898 cl
1918 2865 1922 2911 1

175 2928 393 2964 intimatum
420 2929 505 2964 abd
524 2930 535 2973 ΙΙ
556 2930 610 2962 15.
632 2927 763 2962 Petrus
784 2940 802 2963 c
820 2930 832 2973 ΙΙ
854 2931 907 2963 17.
928 2926 1080 2972 peragit
1103 2927 1155 2962 ab
1175 2928 1186 2971 ΙΙ
1209 2930 1262 2961 18.
1283 2925 1537 2971 Perpessicius
1558 2927 1582 2961 (Ζ
1604 2927 1608 2969 Ι
1632 2924 1777 2968 aliquid
1805 2925 1891 2960 abd
1915 2925 1927 2970 ¹³.

178 2993 233 3024 19.
259 2989 397 3034 Perpes
423 2989 627 3033 perpetuus
653 2989 740 3024 abd
758 2989 769 3034 Η
789 2992 845 3023 21.
871 2985 1047 3021 Persistit
1071 2988 1095 3022 cl
1114 2989 1125 3033 ΙΙ
1145 2991 1201 3023 22.
1229 2998 1326 3035 equa
1351 2988 1402 3021 ab
1423 2988 1434 3032 ΙΙ
1455 2990 1510 3021 24.
1531 2987 1617 3031 post
1636 2996 1654 3020 c
1672 2987 1683 3030 ΙΙ
1705 2987 1759 3019 27.
1782 2989 1838 3020 33.
1858 2995 1924 3019 om.

176 3050 285 3085 abed
310 3052 322 3094 ss
347 3053 402 3084 34.
429 3047 666 3094 puplicatum
691 3060 715 3083 a
739 3049 750 3093 ΙΙ
777 3051 833 3084 35.
861 3045 1099 3092 splendidum
1125 3047 1207 3091 abu
1227 3051 1283 3082 36.
1309 3046 1451 3091 rumpit
1476 3047 1554 3081 abc
1573 3047 1585 3090 ΙΙ
1605 3048 1659 3081 38.
1687 3056 1752 3080 om.
1781 3045 1891 3080 abed
1914 3045 1926 3090 {1

177 3113 234 3145 45.
259 3109 402 3155 prolixe
429 3108 604 3144 continue
630 3110 681 3145 ab
700 3111 712 3156 ss
731 3112 787 3145 47.
814 3107 1027 3143 Periculum
1047 3119 1076 3143 c.
1120 3106 1295 3141 Peridum
1322 3108 1346 3142 d
1371 3109 1382 3153 ΙΙ
1408 3111 1462 3142 48.
1489 3105 1659 3150 yroniam
1685 3106 1735 3140 ab
1759 3107 1764 3150 Ι
1787 3103 1925 3139 irrisio-

177 3181 261 3205 nem
288 3171 338 3205 ab
357 3171 370 3216 ΙΙ
389 3173 446 3205 52.
472 3169 573 3214 apud
599 3169 624 3204 d
642 3170 654 3214 ss
673 3171 728 3204 53.
755 3167 931 3204 Percellit
956 3168 1039 3203 abd
1057 3169 1069 3212 11
