2170 3522
604 156 817 192 GLossAE
845 156 1030 192 CODICIS
1057 156 1291 192 VATICANI
1315 161 1406 193 3321

126 266 339 317 Quidnam
373 267 545 322 quidem
579 268 686 309 illud

125 338 328 394 Quipiam
344 339 617 394 aliquantum
629 339 699 380 uel
710 340 985 394 quantulum-

186 426 370 466 cumque

126 482 350 538 Quispiam
384 483 542 538 aliquis

125 553 333 610 Quippini
346 554 375 611 ¹)
410 555 561 610 quidni
595 555 632 596 si

89 637 105 662 5
125 625 237 676 Quia
256 641 386 683 greco
408 627 623 669 uocabulo
646 630 795 668 atenas
813 629 983 668 ueteres

185 698 346 740 dicitur

127 770 238 821 Quia
270 785 396 828 grece
429 771 606 823 dicitur]

125 841 255 892 Quiui
284 843 410 898 potui

126 913 395 964 Quieuerunt
427 918 665 970 potuerunt

128 985 352 1039 [Quietum
386 1002 605 1029 summum

73 1071 106 1095 10
125 1057 305 1109 Quictos
340 1059 549 1117 otiosos‘2)

126 1130 376 1187 Quisqualis
411 1133 514 1188 quin
546 1133 694 1187 potius

127 1202 304 1253 Quiebit
337 1204 498 1246 resedit

127 1274 237 1325 Quid
272 1275 432 1318 referat
466 1277 567 1332 quid
598 1277 772 1319 nuntiet

127 1347 240 1398 Quin
273 1349 407 1391 immo
442 1364 545 1391 uero

75 1431 108 1456 15
127 1419 336 1470 Quisnam
370 1422 439 1463 uel
474 1422 570 1476 quis

128 1492 342 1543 Quoniam
375 1494 476 1549 quia

129 1565 299 1622 Quippe
332 1566 537 1608 uidelicet

128 1636 258 1687 Quies
290 1653 374 1693 pax
408 1639 631 1681 silentium
666 1638 883 1697 sonum3)]

248 1710 313 1752 De
347 1726 374 1766 q
408 1714 451 1753 et
483 1727 510 1753 u

76 1796 109 1819 20
129 1781 342 1832 Quocirca
373 1798 453 1838 pro
487 1799 572 1839 qua
605 1800 649 1826 re
682 1785 749 1826 uel
786 1786 880 1827 ideo

130 1854 300 1905 Quodni
335 1855 570 1911 quidnisi4)

130 1928 458 1978 Quodammodo
493 1930 677 1984 quadam
716 1930 930 1972 rationem

131 2000 373 2050 Quominus
406 2002 534 2043 aliter

23 2080 106 2111 131ΙΓ
133 2072 359 2123 Quondam
392 2074 624 2129 aliquando

78 2155 112 2182 25
134 2146 350 2195 Quorsum
383 2146 517 2201 inqua
549 2150 718 2202 partem
752 2147 843 2189 siue
871 2150 992 2203 tegu-

192 2219 338 2259 menta

133 2288 326 2338 Quorsus
361 2305 446 2346 quo
480 2307 616 2347 usque

1795 157 1879 198 159

1025 267 1136 320 [Quo
1171 268 1251 310 sub
1285 269 1404 311 caelo
1438 268 1518 310 sub
1552 283 1682 323 quam
1712 270 1880 322 partem

1023 339 1287 398 Quodiuraf’)
1322 355 1406 396 quo
1440 340 1589 383 ordine

1024 410 1191 468 Quodss)
1225 413 1364 454 modis
1399 411 1555 468 qu0d7)
1592 412 1762 454 uicibus

1024 483 1145 533 Quod
1180 485 1320 540 magis
1355 487 1517 540 quanto
1551 483 1691 539 magis
1903 495 1937 519 30

1024 556 1118 605 Quo
1153 557 1227 598 ubi
1260 557 1372 598 unde
1406 557 1623 611 quomodo

1023 626 1116 677 Quo
1149 631 1278 683 pacto
1313 644 1398 683 qua
1427 629 1595 671 ratione

1023 699 1117 749 Quo
1151 700 1327 742 redatus
1361 701 1413 742 ad
1449 701 1551 755 quid
1583 701 1785 756 perbenit

1023 770 1118 821 Quo
1152 770 1269 829 ores)
1303 788 1388 828 qua
1420 772 1563 815 fronte

1025 843 1240 900 Quopiam
1273 845 1419 899 aliquo
1904 855 1938 880 35

1025 914 1118 965 Quo
1153 916 1248 972 agis
1282 932 1367 972 quo
1401 917 1524 958 badis

1026 988 1255 1043 Quoquam
1289 989 1448 1031 alicubi

1027 1060 1209 1116 Quoquo
1243 1061 1394 1103 ubiubi

1027 1132 1120 1182 Quo
1154 1134 1229 1175 ubi

1026 1204 1120 1255 Quo
1147 1221 1283 1261 usque
1311 1222 1448 1262 usque
1471 1207 1544 1248 ubi
1564 1207 1634 1249 uel
1658 1207 1883 1262 quamdiu]
1906 1216 1940 1241 40

1145 1277 1209 1320 De
1244 1294 1270 1333 q
1304 1282 1347 1320 et
1379 1295 1404 1320 u

1027 1349 1233 1399 Quurulis
1286 1351 1393 1392 sella
1438 1352 1480 1393 in
1528 1367 1614 1407 qua
1657 1352 1886 1407 purpurati

1088 1423 1237 1464 sedent

1028 1496 1148 1543 Quur
1181 1510 1313 1550 quare

1150 1712 1213 1754 De
1246 1727 1267 1754 r
1301 1716 1343 1755 et
1374 1729 1398 1755 a

1030 1783 1244 1826 Racemus
1272 1786 1468 1828 modicus
1496 1786 1767 1830 ramusculus
1790 1802 1887 1828 cuin
1908 1795 1943 1819 45

1088 1872 1218 1898 uuam

1049 1929 1191 1970 'radiat
1223 1930 1357 1972 micat
1390 1932 1457 1973 uel
1492 1932 1726 1974 inluminat

1029 2001 1293 2044 Ramentum
1326 2004 1471 2058 pulbis
1503 2005 1617 2059 quod
1646 2004 1813 2046 raditur
1840 2005 1890 2045 de

1091 2075 1237 2130 aliqua
1270 2075 1458 2130 speciem

1032 2147 1247 2189 Ramenta
1278 2148 1533 2190 heramenta

1923 2224 2010 2255 131u

1031 2292 1224 2347 Rapidus
1260 2293 1388 2334 uelox
1912 2300 1946 2325 50

1032 2220 1200 2275 Raptus
1234 2220 1308 2262 diu
1341 2223 1508 2262 tractus

232 2422 265 2463 1)
295 2432 319 2454 n
344 2432 371 2457 s.
399 2434 428 2457 υ,
457 2423 541 2458 aad.
569 2435 615 2458 m.
640 2426 665 2458 2
696 2424 708 2467 ΙΙ
739 2424 775 2466 2)
802 2424 967 2468 sequitur
992 2424 1149 2458 (Inurum
1177 2424 1244 2458 litt,
1274 2435 1409 2458 rasura
1429 2425 1440 2469 ΙΙ
1466 2425 1502 2467 3)
1527 2424 1574 2469 (fl.
1604 2428 1649 2459 17
1675 2429 1706 2459 et
1735 2429 1781 2459 1⁵¹
1807 2425 1892 2459 add.

133 2493 178 2516 m.
205 2484 230 2517 2
253 2482 264 2527 ΙΙ
291 2484 327 2527 4)
355 2482 531 2526 quodnisi
558 2496 600 2518 m.
629 2489 653 2519 2
681 2473 804 2527 corrsll
825 2486 859 2529 5)
887 2494 906 2518 e
930 2496 998 2528 pro
1026 2495 1048 2518 a
1074 2496 1165 2519 (forr.
1192 2496 1236 2518 m.
1257 2496 1347 2518 saec.
1370 2483 1448 2518 XV
1464 2486 1474 2529 ΙΙ
1496 2488 1530 2528 6)
1558 2485 1574 2517 t
1600 2496 1672 2529 pro
1693 2484 1716 2518 d
1737 2496 1827 2521 corr.
1847 2496 1891 2519 m.

133 2552 225 2577 saec.
247 2542 328 2577 XV
344 2544 355 2588 ΙΙ
376 2544 411 2588 7)
431 2545 447 2577 t
461 2555 532 2588 pro
553 2543 575 2577 d
603 2554 695 2579 corr.
715 2556 758 2578 m.
781 2554 871 2578 saec.
894 2543 973 2578 XV
989 2545 999 2588 ΙΙ
1020 2546 1055 2587 S)
1076 2554 1138 2577 ore
1160 2556 1203 2578 m.
1225 2555 1314 2579 saec.
1337 2544 1374 2578 Χ
1388 2544 1417 2577 1⁷
1434 2545 1475 2578 in
1495 2555 1565 2578 ras.
1588 2545 1744 2580 eiusdem
1763 2546 1860 2580 vocis
1884 2546 1895 2591 ΙΙ

231 2679 262 2710 2.
292 2674 493 2721 Quippiam
520 2688 543 2710 (ι
575 2677 579 2718 Ι
614 2674 891 2720 aliquantulum
919 2686 942 2709 α
970 2676 974 2719 Ι
1004 2675 1065 2710 uel
1091 2687 1158 2711 om.
1185 2688 1207 2711 (ι
1243 2677 1246 2720 Ι
1281 2677 1446 2721 seqnitur
1472 2677 1511 2710 in
1537 2688 1577 2711 a:
1605 2675 1702 2718 Quid
1730 2688 1804 2711 non
1830 2678 1896 2711 aut

136 2746 252 2779 quare
277 2746 351 2770 non
377 2735 448 2771 hoc
474 2735 596 2780 magis
623 2735 692 2770 hoc
720 2735 847 2780 potius
873 2738 1027 2780 propter
1053 2736 1154 2780 quod
1180 2747 1296 2780 quare
1316 2737 1327 2780 ΙΙ
1347 2740 1380 2771 4.
1408 2735 1439 2769 si
1465 2748 1530 2771 nm.
1554 2749 1575 2771 α
1595 2738 1606 2782 ΙΙ
1627 2741 1658 2772 5.
1687 2742 1718 2772 6,
1746 2749 1812 2772 om.
1842 2749 1865 2772 α
1885 2738 1895 2782 ἰΙ

139 2800 170 2831 7.
198 2794 333 2838 Quieui
360 2809 393 2832 α.
435 2795 547 2839 Quibi
573 2808 590 2831 c
610 2798 620 2840 ΙΙ
641 2800 673 2831 9.
701 2807 870 2831 sonnium
898 2810 920 2831 a
946 2798 957 2841 ΙΙ
987 2800 1039 2832 12.
1066 2796 1218 2839 Quieuit
1243 2809 1266 2832 (ι
1285 2798 1297 2842 ΙΙ
1318 2800 1371 2831 13.
1401 2796 1547 2830 ueferat
1573 2809 1596 2831 a
1615 2799 1626 2843 ΙΙ
1648 2801 1701 2832 16.
1728 2799 1895 2843 sequitur

134 2857 177 2891 in
202 2869 243 2892 a:
270 2855 466 2898 Quandam
494 2856 555 2891 uel
581 2856 670 2900 quia
701 2857 712 2901 ΙΙ
748 2861 801 2891 18.
836 2867 986 2891 somnus
1013 2869 1036 2892 a
1054 2858 1067 2902 ΙΙ
1087 2860 1142 2892 19.
1173 2869 1240 2892 om.
1268 2868 1317 2892 ae
1335 2858 1347 2901 ΙΙ
1367 2860 1421 2892 21.
1450 2868 1516 2891 om.
1544 2869 1567 2892 a
1602 2859 1605 2901 Ι
1642 2856 1815 2900 quodnisi
1842 2869 1860 2893 c
1885 2857 1896 2904 ΙΙ

136 2921 192 2952 22.
220 2916 417 2958 Quoddam
437 2929 456 2952 e
477 2918 483 2963 Ι
506 2916 695 2961 quoddam
721 2929 740 2952 e
763 2919 766 2961 Ι
790 2915 936 2951 ratione
963 2928 1012 2952 avc
1031 2919 1042 2961 ΙΙ
1063 2921 1118 2952 24.
1147 2915 1318 2959 Quodam
1345 2928 1363 2952 e
1382 2917 1393 2961 ΙΙ
1413 2921 1469 2952 25.
1496 2915 1535 2950 iu
1561 2928 1673 2960 quani
1701 2917 1769 2963 αοΙ
1791 2918 1895 2962 tego-

137 2978 265 3012 menta
290 2977 402 3024 εΙΙ28.
425 2976 505 3020 Quo
525 2975 604 3010 iure
626 2976 672 3023 αΙΙ
685 2981 741 3011 33.
768 2976 944 3011 redactus
971 2988 993 3011 a
1017 2978 1022 3021 Ι
1044 2975 1218 3021 peruenit
1244 2977 1291 3022 αΙΙ
1311 2981 1367 3012 36.
1389 2976 1498 3011 uadis
1524 2989 1547 3011 (ι
1586 2980 1642 3012 38.
1663 2976 1822 3011 ubihubi
1843 2990 1864 3012 α
1885 2978 1895 3024 ἓΙ

138 3042 194 3073 39.
220 3049 287 3073 om.
315 3050 338 3072 a
367 3038 378 3084 ΙΙ
410 3040 467 3072 41.
495 3048 562 3072 om.
589 3048 638 3072 ae
669 3039 680 3081 ΙΙ
712 3040 769 3072 42.
798 3034 978 3078 Qum-illis
1005 3047 1029 3070 a
1064 3041 1068 3075 Ι
1104 3047 1176 3080 quo
1203 3048 1222 3072 e
1257 3037 1260 3084 Ι
1298 3037 1514 3082 purpuratis
1541 3049 1559 3072 c
1590 3039 1601 3081 ΙΙ
1632 3041 1688 3073 44.
1717 3049 1783 3073 om.
1811 3050 1860 3073 (tc
1884 3040 1896 3086 ΙΙ

137 3101 195 3133 45.
227 3097 461 3132 ramusculus
494 3107 578 3130 cum
610 3095 694 3130 uuis
721 3109 757 3134 a.
805 3107 931 3130 ramus
963 3095 1057 3129 adus
1085 3095 1218 3130 deubis
1244 3107 1263 3131 c
1305 3097 1316 3140 ΙΙ
1359 3101 1416 3133 46.
1443 3109 1510 3132 om.
1537 3108 1555 3132 c
1601 3099 1606 3142 Ι
1652 3097 1710 3131 uel
1739 3109 1805 3132 om.
1828 3111 1851 3134 α
1885 3101 1896 3146 ΙΙ

139 3162 196 3193 47.
223 3157 347 3202 puluis
373 3168 426 3193 ae
447 3157 453 3203 Ι
476 3155 541 3201 qui
567 3168 616 3193 ac
644 3157 648 3204 Ι
677 3156 802 3202 specie
829 3169 864 3192 α.
904 3154 1023 3200 spetie
1049 3167 1067 3190 c
1085 3157 1097 3201 ΙΙ
1116 3159 1173 3192 48.
1202 3157 1396 3192 eramenta
1422 3169 1470 3192 cte
1489 3157 1500 3202 ΙΙ
