2170 3522
126 691 211 721 116u

184 1055 216 1078 10

119 1693 200 1724 117r

182 1769 214 1793 20

239 216 323 257 2ῖῦ
655 211 864 248 GLOSSAE
891 209 1073 246 CODICIS
1100 208 1457 245 SANGALLENSIS
1484 212 1550 244 912

238 325 494 380 Prospcrarc
528 326 640 365 recte
674 337 800 377 agere

243 396 440 450 l'rospice
473 396 617 436 inante
652 393 793 447 aspice

238 467 591 521 Protoplaustum
612 465 798 519 primum
820 463 1082 517 plasmatum

239 539 472 580 Protei-uus
520 550 727 591 supernus
778 533 1084 576 inreuocabilis

297 610 480 651 uitiosus

239 681 441 723 Prouexit
473 680 518 722 in
550 679 689 721 maius
721 678 884 720 leuauit

236 752 427 794 Prudens
459 751 689 807 prouidens

235 823 510 865 Prumtuaria
542 823 715 865 cellaria

234 895 446 936 Puniatur
477 895 694 937 uccitatur

236 966 431 1021 Puplites
465 981 605 1022 genua
638 964 885 1021 suffraginis

237 1039 377 1080 Pubat
410 1039 565 1080 crescit
597 1038 861 1080 incrementa

234 1109 422 1152 Puberes
456 1109 592 1151 adulti
624 1108 791 1150 iuuenis

235 1182 481 1224 Pubetenus
514 1196 649 1236 usque
683 1181 735 1222 ad
768 1179 945 1236 inguina

234 1252 446 1295 Pubertas
479 1252 762 1295 aduliscentia

234 1324 523 1366 Pubescentes
568 1339 674 1380 gene
719 1323 1082 1365 barbamittentes

200 1411 215 1435 5
234 1395 353 1437 Pubc
386 1396 528 1437 uirilia
560 1396 747 1437 uerenda

233 1466 429 1509 Pubiscit
461 1468 607 1509 barbis
641 1470 684 1509 et
716 1470 850 1509 testes

233 1537 419 1580 Pudicus
453 1542 597 1581 castus

233 1609 377 1652 Pudor
408 1610 665 1652 uerecundia

234 1680 452 1736 Pugillare
486 1682 680 1724 tabulam

236 1752 455 1808 Pugillum
487 1767 631 1808 pugno

234 1823 440 1865 Puluinar
471 1825 591 1867 locus
623 1825 697 1866 ubi
731 1827 998 1867 statuastant

234 1895 409 1937 Pululat
441 1896 656 1951 germinat
689 1897 825 1938 oritor

234 1966 515 2021 Puerperium
547 1983 643 2010 cum
675 1968 992 2022 puerinascitur

234 2038 450 2094 Puerpera
475 2039 629 2081 mulier
656 2054 763 2094 quae
789 2039 929 2094 primo
953 2042 1080 2094 parto

291 2126 424 2165 puero
456 2111 571 2166 parit

182 2196 214 2222 25
234 2181 407 2224 Pullum
438 2183 612 2238 nigrum

233 2252 408 2309 Pugiles
442 2257 677 2297 certatores

235 2324 371 2380 Pugio
405 2326 573 2381 gladius
605 2341 765 2381 paruus

231 2395 447 2438 Pudicitia
479 2398 657 2439 castitas
688 2397 918 2454 integritas

232 2466 383 2524 Pugna
415 2472 632 2511 certamen

1122 319 1374 361 Puluinaria
1405 334 1476 373 are
1509 321 1781 361 mortuorum
1989 328 2024 354 30

1122 391 1387 446 Puerperum
1419 390 1558 445 primo
1592 390 1739 446 genito

1121 461 1333 503 Putamen
1366 464 1481 504 testa
1512 462 1561 503 de
1589 476 1678 504 'ouo

1122 676 1277 733 Quatio
1311 677 1510 720 concutio
1999 680 2087 712 11¹7u

1123 749 1336 799 Quatinus
1353 746 1455 805 ‘qua
1485 748 1652 790 ratione
1686 750 1729 790 et
1762 747 1948 802 qualiter

1120 819 1343 869 Quandam
1376 821 1566 876 aliquam
1989 827 2024 853 35

1122 891 1383 941 Quassatum
1416 891 1685 934 confractum

1122 963 1448 1019 Quandoqidem
1481 966 1583 1005 tunc
1617 963 1791 1005 omnino

1123 1035 1389 1085 Quantocius
1423 1050 1553 1090 quam
1585 1035 1711 1077 citius
1745 1033 1928 1077 celerius

1122 1105 1386 1156 Quantolum
1421 1107 1638 1149 modicum

1120 1177 1386 1228 Quadrifium
1421 1179 1682 1234 quadrifarie
1711 1178 1863 1220 fissum
1987 1183 2025 1209 4⁰

1121 1250 1392 1306 Quamquam
1426 1251 1624 1306 quamuis

1121 1321 1261 1377 Queso
1294 1337 1400 1379 rogo

1122 1394 1398 1444 Quaestuarii
1431 1393 1715 1435 mercennarii

1122 1466 1341 1516 Quaerilla
1373 1465 1497 1520 culpe
1531 1463 1750 1507 accusatio

1122 1538 1328 1587 Quaerito
1362 1537 1505 1592 sepius
1538 1550 1646 1593 rogo
1987 1540 2022 1566 4⁵

1121 1608 1357 1658 Quaestum
1387 1609 1556 1650 lucrum
1589 1607 1802 1663 aquesitio

1122 1680 1302 1735 Questio
1336 1679 1593 1734 disceptatio
1621 1678 1810 1721 difficilis
1838 1677 1969 1733 expli-

1179 1752 1291 1794 catio
1325 1751 1586 1793 examinatio

1120 1822 1331 1872 Quaestus
1365 1826 1431 1865 est
1463 1823 1683 1866 accusauit
1995 1821 2078 1853 118¹

1119 1894 1331 1944 Quaestor
1362 1894 1488 1936 iudex
1521 1895 1574 1937 ad
1606 1894 1860 1949 requirendo

1120 1967 1332 2021 Querolus
1371 1966 1620 2022 frequenter
1658 1964 1872 2021 querellas
1910 1964 2022 2006 fe-50

1177 2053 1275 2080 rens
1309 2040 1351 2079 et
1384 2040 1586 2080 acusatur

1120 2109 1357 2159 Queuerint
1388 2109 1581 2164 poterint

1120 2180 1378 2230 Questuaria
1419 2180 1493 2235 qui
1535 2177 1966 2235 quaestucocorpuris

1176 2253 1287 2295 uiuit

1119 2324 1388 2380 Quemquam
1422 2323 1610 2378 aliquem

1118 2395 1438 2449 Quemcumque
1472 2395 1673 2450 quempia

1119 2466 1487 2516 Quemadmodum
1521 2466 1735 2522 quomodo
1768 2465 1876 2508 sicui
1983 2467 2019 2493 ⁵5

328 2662 359 2693 3.
392 2657 669 2703 Protoplastum
701 2659 751 2693 ab
794 2659 806 2701 ΙΙ
850 2661 880 2692 4.
915 2655 1147 2691 conuiciosus
1179 2656 1240 2691 ab.
1292 2653 1519 2690 conuitiosus
1551 2667 1569 2691 0
1611 2657 1623 2700 ΙΙ
1667 2659 1698 2690 7.
1724 2666 1789 2690 om.
1817 2655 1926 2690 abed
1955 2654 1967 2702 Η

234 2721 265 2751 8.
292 2722 324 2752 9.
352 2729 416 2752 om.
444 2718 554 2752 abed
596 2718 606 2761 ΙΙ
652 2721 705 2752 10.
732 2716 852 2750 Pubet
878 2717 901 2751 cl
941 2719 945 2760 1
986 2716 1232 2751 incrementat
1257 2716 1308 2750 bd
1346 2718 1356 2759 Η
1397 2719 1450 2750 11.
1476 2714 1629 2750 iuuenes
1656 2715 1733 2750 abc
1768 2717 1779 2759 1}
1818 2718 1871 2749 13.
1899 2713 1964 2748 ad-

233 2775 437 2810 ulescentia
464 2788 481 2812 0
517 2779 528 2822 ΙΙ
568 2780 621 2812 14.
648 2776 804 2811 barbam
830 2777 881 2811 ab
913 2777 923 2820 Η
958 2780 1009 2811 15.
1036 2776 1156 2810 Pubes
1183 2776 1233 2811 ab
1264 2776 1276 2819 ΙΙ
1309 2778 1361 2809 16.
1390 2773 1566 2809 Pubescit
1591 2775 1624 2810 d.
1668 2773 1852 2808 Pubescet
1877 2774 1928 2809 ab
1957 2773 1961 2818 Ι

232 2835 428 2870 barbescet
454 2838 594 2871 crescet
620 2838 681 2871 ab.
726 2835 915 2870 barbescit
941 2835 1074 2871 crescit
1099 2848 1117 2871 0
1153 2836 1164 2879 ΙΙ
1204 2839 1257 2870 19.
1283 2833 1492 2878 Pugillares
1518 2833 1647 2881 tabule
1674 2834 1725 2869 ab
1764 2835 1775 2879 ΙΙ
1812 2836 1866 2867 20.
1894 2832 1964 2867 Pu-

233 2895 321 2937 gillo
348 2897 372 2930 (Z
394 2896 398 2942 1
421 2907 586 2940 pugnum
607 2908 625 2931 0
643 2897 654 2941 ΙΙ
675 2901 728 2931 21.
752 2897 874 2943 statur&¹
901 2897 954 2930 ab
975 2899 985 2940 Η
1006 2899 1061 2930 22.
1083 2894 1250 2928 Pullulat
1274 2895 1325 2928 ab
1348 2899 1352 2937 1
1375 2892 1490 2928 oritur
1511 2894 1560 2928 ab
1580 2894 1592 2938 ss
1611 2896 1666 2928 23.
1687 2902 1778 2937 puer
1797 2891 1965 2926 nascitur

233 2956 339 2990 abed
357 2956 368 3000 ΙΙ
389 2957 561 3000 24.pa1·tu
576 2967 729 3001 puerum
738 2956 788 2990 ab
808 2957 819 2999 11
839 2954 1020 2999 3l.prin10
1035 2954 1202 2998 genitum
1216 2955 1293 2989 abc
1311 2955 1322 2997 ΙΙ
1342 2952 1598 2995 &Quatenus
1613 2951 1714 2998 abcjl
1727 2950 1964 2992 37.Quando-

234 3014 382 3057 quidem
408 3017 516 3050 abed
552 3018 564 3060 ΙΙ
602 3022 657 3050 39.
683 3015 910 3057 Quantulum
937 3016 1020 3050 abd
1056 3016 1068 3059 ΙΙ
1106 3018 1161 3049 40.
1189 3012 1445 3056 Quadrifidum
1471 3013 1521 3047 ab
1552 3014 1564 3056 ΙΙ
1595 3014 1651 3047 44.
1679 3009 1851 3052 Querella
1876 3011 1928 3044 ab
1953 3010 1965 3057 Η

234 3078 287 3107 46.
317 3074 475 3115 Questus
502 3076 525 3110 (Z
553 3078 558 3120 1
587 3073 784 3119 acquisitio
811 3074 904 3109 abd.
957 3072 1160 3117 adquisitio
1187 3084 1205 3108 0
1229 3073 1240 3116 ΙΙ
1265 3076 1321 3107 49.
1350 3071 1397 3105 ad
1423 3070 1686 3116 requirendum
1710 3080 1728 3105 0
1747 3071 1759 3115 ΙΙ
1787 3073 1842 3104 50.
1870 3068 1963 3111 Que-

235 3132 333 3166 rulus
360 3135 441 3168 abd
475 3137 479 3177 1
515 3135 709 3168 accusator
734 3133 822 3168 abd
853 3134 863 3178 ΙΙ
896 3136 949 3167 51.
977 3132 1168 3177 potuerint
1192 3143 1210 3167 0
1239 3133 1251 3176 ΙΙ
1283 3134 1338 3165 52.
1366 3142 1437 3177 quo
1465 3134 1552 3174 (que
1579 3131 1614 3174 b)
1642 3130 1773 3174 questu
1801 3126 1963 3173 corporis

234 3193 283 3226 ab
304 3194 315 3236 Η
335 3197 388 3227 133.
418 3193 637 3237 Quempiam
665 3194 715 3228 ab
735 3195 746 3237 ΙΙ
767 3197 820 3227 54.
849 3202 1071 3235 quemquam
1098 3190 1260 3234 aliquem
1287 3191 1338 3225 ab
1357 3191 1368 3234 ΙΙ
1388 3193 1442 3225 55.
1471 3189 1568 3224 sicut
1592 3190 1669 3224 abc
1688 3190 1699 3234 l!
