2232 3548
894 185 1172 222 PRAEFATIO
1822 190 1908 224 XIII

151 294 339 351 Reliqua
376 296 517 338 mitto.
582 295 875 339 Correxerunt
916 296 1107 339 codicem
1149 297 1256 338 duae
1296 312 1468 339 manus:
1518 299 1639 353 prior
1681 313 1911 354 aequaeva,

151 368 372 422 posterior
404 383 512 410 saec.
540 367 636 409 XII.
701 368 916 411 Accurate
948 368 1231 424 transcripsit
1264 367 1691 412 Gundermannus
1730 373 1773 412 et
1811 385 1911 426 apo-

150 439 352 494 graphon
385 454 482 481 cum
515 439 661 481 codice
693 439 810 481 idem
843 440 1041 482 contulit.

266 507 314 567 2)
347 511 482 553 codex
513 510 785 552 Parisinus
818 511 907 553 lat.
936 512 1048 553 7691
1080 510 1204 567 (Reg.
1234 512 1362 554 6669.
1389 513 1426 554 3.
1459 512 1595 553 Baluz
1624 511 1744 569 865),
1777 528 1908 556 mem-

149 581 402 639 branaceus,
435 583 492 625 84
523 583 743 637 foliorum,
777 596 884 624 saec.
908 582 1116 636 VIIIJIX.
1169 582 1315 625 Codex
1340 583 1570 625 mutilatus
1598 587 1680 626 est:
1714 585 1910 626 continet

147 653 320 709 glossas
342 653 634 697 ‘abstrusa'
657 670 682 696 a
701 654 916 696 Brudium
937 653 990 694 ad
1010 653 1203 695 Prohibet
1221 659 1408 696 remouet.
1447 655 1500 697 In
1519 655 1592 698 fol.
1614 657 1691 698 36¹¹
1713 657 1910 712 margine

146 725 369 780 superiore
404 726 579 782 scripsit
612 740 766 767 manus
795 740 904 767 saec.
924 724 1053 766 XIII:
1088 726 1187 767 liber
1211 727 1346 767 saw-acti
1371 726 1554 781 Remiyc'z'
1578 727 1664 770 rem
1690 731 1763 770 vol
1783 728 1909 770 LXI.

146 796 274 839 Hunc
307 812 479 854 quoque
512 799 674 840 librum
707 796 1136 839 Gundermannus
1171 797 1367 839 contulit.

266 870 310 924 3)
346 871 479 912 codex
512 869 806 912 Vaticanus
841 870 975 925 6018,
1013 869 1064 911 de
1105 884 1189 923 quo
1230 869 1358 911 modo
1392 871 1573 926 egimus.
1636 872 1679 913 Is
1713 872 1828 913 enim
1862 872 1909 913 in

144 940 305 983 litteris
340 942 488 985 A—F
529 940 822 984 tabstrusa'
863 940 1125 996 glossarium
1160 939 1352 995 exhibet,
1391 941 1495 983 licet
1529 942 1713 998 singulis
1747 944 1908 999 glossis

144 1012 401 1068 plerumque
435 1014 547 1055 male
579 1013 757 1064 habitis,
788 1012 828 1053 h.
851 1027 884 1053 e.
912 1012 1108 1068 mutatiS,
1141 1013 1361 1068 correctis,
1393 1013 1683 1068 interpolatis.
1737 1014 1908 1057 Codicis

146 1084 386 1140 scripturas
420 1085 615 1128 enotavit
647 1084 682 1126 L
694 1100 717 1127 o
729 1100 750 1126 e
759 1084 898 1126 wius.

263 1155 310 1213 4)
347 1158 480 1199 codex
512 1156 794 1199 Bernensis
829 1156 867 1198 A
900 1156 976 1211 92,
1009 1156 1389 1211 membranaceus,
1422 1171 1530 1199 saec.
1557 1156 1637 1213 IX,
1672 1158 1752 1199 sub
1786 1173 1854 1199 no.
1882 1160 1908 1200 3

144 1228 228 1270 duo
261 1227 512 1285 fragmenta
539 1227 833 1271 ‘abstrusa'
861 1228 1109 1283 glossarum
1139 1243 1189 1269 ex
1216 1228 1378 1269 litteris
1406 1227 1545 1270 E-—G
1572 1229 1792 1271 exhibens.
1845 1228 1907 1271 Of.

143 1299 390 1356 Hagenus
421 1317 462 1356 p.
492 1302 589 1343 1:26.

264 1371 310 1428 5)
343 1372 521 1414 Eisdem
560 1372 721 1428 glossis
761 1387 865 1414 usus
906 1375 991 1428 est,
1031 1372 1105 1427 qui
1146 1372 1319 1413 saeculo
1358 1374 1407 1413 ut
1446 1372 1618 1413 Videtur
1650 1375 1805 1415 octavo
1839 1374 1905 1415 vel

141 1458 258 1486 nono
291 1459 501 1501 magnum
532 1445 640 1486 illud
673 1443 938 1500 glossarium
980 1443 1276 1497 concinnavit,
1316 1442 1437 1484 cuius
1475 1458 1590 1485 nunc
1629 1443 1675 1485 in
1712 1444 1908 1487 biblio-

143 1516 297 1558 theca
315 1516 363 1558 M
372 1517 619 1560 onacensi
639 1517 722 1558 duo
746 1515 1013 1570 exemplaria
1034 1517 1208 1557 exstant
1231 1529 1365 1569 eaque
1387 1517 1591 1557 truncata
1606 1518 1649 1557 et
1663 1516 1905 1559 miserrime

143 1587 357 1631 mutilata.
403 1588 606 1631 Alterum
627 1591 694 1630 est
715 1588 849 1630 codex
869 1586 1204 1629 Monacensis
1225 1587 1375 1628 1119ιη
1397 1607 1450 1620 =
1473 1586 1753 1630 Benedictob.
1777 1589 1906 1644 219¹¹³‚

141 1659 183 1701 h.
210 1674 243 1701 e.
277 1661 486 1702 tredecim
518 1661 766 1717 fragmenta
794 1675 818 1700 a
851 1660 983 1701 variis
1011 1658 1246 1714 codicibus,
1280 1658 1437 1713 quibus
1464 1658 1689 1702 involucro
1720 1660 1906 1716 fuerant,

144 1745 169 1772 a
215 1730 453 1774 Guielmo
498 1732 673 1788 Meyer
718 1748 751 1774 a.
794 1732 908 1774 1883
955 1732 1120 1786 soluta,
1167 1730 1385 1785 scriptura
1431 1733 1498 1771 est
1542 1745 1653 1773 saec.
1693 1731 1905 1787 VIIIJ'IX.

142 1802 345 1845 Alterum
383 1803 536 1846 itidem
575 1803 884 1846 Monacense
926 1806 1008 1857 est,
1049 1803 1154 1845 olim
1188 1802 1531 1859 Tegernseense,
1570 1801 1610 1843 h.
1638 1817 1672 1844 e.
1704 1803 1905 1845 undecim

141 1874 412 1932 fragmenta,
451 1876 596 1918 soluta
635 1890 660 1916 a
699 1875 921 1917 codicibus
961 1875 1070 1918 Clm.
1113 1875 1276 1929 18034,
1325 1874 1486 1929 18187,
1531 1873 1707 1931 185125,
1748 1876 1906 1931 181538,

147 1947 303 2002 18396,
335 1947 445 1989 aliis.
513 1946 742 2002 Scriptura
775 1949 842 1988 est
876 1947 1037 1989 saeculi
1071 1945 1236 1988 decimi.
1301 1945 1424 1987 Idem
1456 1945 1501 1987 in
1534 1949 1722 2001 utroque
1756 1948 1901 1989 codice

143 2019 408 2074 glossarium
446 2019 613 2061 extitit:
661 2019 782 2061 cuius
824 2019 931 2061 haec
975 2018 1060 2059 fuit
1099 2017 1286 2072 indoles,
1331 2020 1380 2058 ut
1425 2018 1650 2072 complura
1689 2018 1905 2074 glossaria

142 2090 390 2132 litterarum
436 2091 584 2133 ordine
630 2093 803 2133 servato
850 2090 1149 2132 contaminata
1196 2090 1525 2145 exhiberentur,
1568 2089 1713 2132 fontes
1758 2094 1903 2133 autem

142 2177 312 2217 semper
357 2163 403 2204 in
447 2163 643 2219 margine
689 2163 849 2204 litteris
897 2162 1148 2204 maiusculis
1202 2161 1434 2215 adscriptis
1483 2160 1621 2217 (velut
1664 2162 1725 2218 A,
1768 2163 1826 2219 E,
1872 2163 1904 2218 J,

142 2233 198 2290 L,
228 2233 294 2291 M,
327 2233 376 2291 S,
407 2235 460 2291 T,
493 2234 552 2291 V)
586 2230 894 2277 indicarentur.
959 2233 1141 2275 Glossae
1182 2232 1473 2275 ‘abstrusa'
1506 2233 1547 2275 V
1579 2233 1729 2276 littera
1759 2235 1904 2276 notari

142 2306 295 2348 solent.
359 2307 425 2349 Ne
460 2307 556 2362 quis
590 2306 780 2362 dubitet,
811 2322 943 2348 unam
977 2306 1134 2348 seriem
1167 2305 1411 2347 transcribo
1446 2303 1515 2362 (ex
1555 2306 1645 2347 cod.
1680 2306 1904 2362 Tegern-

141 2375 359 2434 seensi):
409 2378 605 2420 Vecorclia
642 2379 836 2432 stultitia,
884 2379 1075 2421 Vectatur
1107 2391 1185 2431 pro
1218 2377 1428 2419 uoluntate
1461 2381 1675 2431 portatur,
1716 2379 1904 2433 Veclstz‘us

133 2453 340 2505 portatus,
369 2450 548 2504 Vectigsal
575 2450 774 2492 tributum
799 2450 978 2505 fiscalem,
1006 2449 1245 2492 Vehiculum
1271 2463 1419 2491 currus
1444 2449 1543 2490 reda
1569 2463 1724 2504 carrus,
1753 2450 1904 2492 Vellere

142 2522 380 2576 aedificare,
420 2522 542 2564 Venit
584 2523 793 2573 uendit-us,
834 2522 959 2565 Venio
1000 2522 1172 2575 uendor,
1213 2521 1370 2563 Veuum
1408 2521 1607 2575 venditio,
1647 2521 1903 2564 Venalicium

143 2594 338 2647 quicquid
365 2594 490 2636 uendi
512 2597 656 2648 potest,
691 2594 825 2636 Veluti
856 2594 1066 2647 quomoda
1102 2593 1278 2634 Vendere
1302 2592 1532 2634 uolentibus
1557 2606 1613 2633 cm
1639 2594 1784 2635 uenale
1809 2594 1901 2646 offe-

142 2665 342 2720 rentibus,
383 2665 627 2708 Veomstauit
664 2666 850 2720 ornauit,
891 2665 1094 2707 Venustus
1129 2664 1337 2717 formosus
1374 2665 1496 2717 quasi
1526 2678 1554 2705 a
1585 2679 1728 2706 uenere
1759 2667 1903 2718 (lictus,

152 2736 352 2779 Venustus
380 2737 583 2790 facundia
615 2737 842 2791 eloquentia
874 2737 939 2779 uel
963 2735 1242 2790 pulchritudo,
1281 2736 1472 2778 Veutrale
1506 2736 1614 2788 quod
1642 2736 1775 2777 solum
1805 2752 1900 2780 uen-

145 2811 245 2851 trem
283 2809 455 2864 operiat,
497 2809 751 2851 Venerantur
796 2809 966 2851 colimus
1010 2821 1227 2862 ornamus,
1269 2808 1415 2861 Vepres
1451 2807 1657 2861 ulfyultac
1699 2809 1901 2865 spinosae,

153 2880 312 2935 Vertiyo
357 2884 570 2935 tempestas
612 2895 640 2922 α
683 2881 874 2923 uertenclo
921 2878 1070 2936 (1—52
1114 2894 1264 2922 versus
1310 2878 1507 2934 abscisi),
1554 2879 1769 2933 Vergseutia
1813 2882 1900 2924 loca

143 2952 338 3007 humilia,
378 2952 516 3006 Veryit
552 2952 728 2994 inclinat
764 2967 822 2994 an
856 2952 1015 3004 fundit,
1057 2951 1196 2994 Versis
1233 2952 1404 2994 mutatis
1445 2965 1502 2993 an
1538 2954 1646 2992 retro
1683 2954 1899 3005 conuersis,

154 3024 333 3066 Vertere&
362 3027 554 3066 auerteret
584 3038 641 3066 an
672 3027 936 3075 conuerteret,
976 3023 1157 3066 Vertitur
1188 3024 1384 3078 uoluitur,
1424 3023 1583 3066 Veruus
1613 3023 1837 3066 subaudis.
1860 3059 1898 3068 ..

144 3097 246 3151 dies,
292 3095 527 3148 Versipellz's
564 3096 739 3138 callidus
776 3096 1038 3150 artiffitc'osus,
1085 3096 1223 3138 Verna
1259 3095 1506 3138 uernaculus
1544 3108 1690 3136 seruus
1721 3110 1754 3137 e.
1782 3111 1819 3150 q.
1848 3111 1897 3138 s.:

145 3182 244 3210 cum
283 3166 439 3223 quibus
480 3166 530 3209 cf.
556 3182 596 3223 p.
626 3168 871 3210 189—191.
935 3166 1140 3218 Ceterum
1177 3167 1424 3225 fragmenta
1457 3181 1564 3222 quae
1598 3166 1744 3208 soluta
1775 3170 1898 3209 erant
