2170 3522
239 171 323 212 124
698 166 914 202 GLOSSAE
942 165 1127 201 coDICis
1153 164 1387 199 VATICANI
1413 168 1503 199 3321

236 280 496 323 Neutericus
537 278 735 320 nouicius
775 279 850 318 aut
887 278 1091 317 neutrum
1128 274 1249 316 Nexe
1282 274 1444 331 ligatae
1478 274 1654 330 iugatae

298 353 438 407 parcis
472 351 605 393 uerba
638 364 767 391 causa
797 347 1044 390 nectoricus
1128 345 1277 388 Nexus
1309 347 1500 402 ligatura

238 423 399 465 Nenias
432 423 724 464 (leleramcnta
754 420 956 475 propriae
1128 418 1225 460 Nex
1257 433 1374 460 mors
1408 421 1483 460 aut
1515 418 1778 473 supplicium

235 495 400 537 Nemus
434 494 543 535 silua
1131 490 1312 543 [Nectar
1342 490 1436 532 uita
1468 490 1647 532 deorum

236 567 377 609 Nenia
410 580 582 608 carmen
613 565 793 606 funebre
1129 562 1317 604 Necesse
1351 564 1525 617 oportet

201 653 216 677 5
237 638 538 692 Nequicquam
569 637 690 678 nullo
724 636 852 678 modo
1130 634 1294 677 Nectar
1325 634 1447 689 potio
1481 635 1660 676 deorum

237 709 408 751 Nebula
441 709 671 751 tenebrosa
1130 706 1288 749 Neullo
1321 706 1523 749 inductor
1554 707 1689 749 fallax

237 781 377 822 Necat
410 781 577 823 occidet
1131 778 1420 834 Nequaquam
1453 779 1545 821 sine
1572 794 1702 821 causa

238 852 518 895 Necessarius
551 853 714 895 amicus
748 853 889 895 effinis
1131 849 1241 893 Neci
1273 849 1405 892 morti

236 924 401 966 Nectar
434 939 635 966 carenum
1131 921 1198 964 Ne
1230 922 1322 964 noli
1353 922 1423 964 uel
1456 937 1560 978 ergo

186 1012 217 1035 10
238 996 385 1038 Nexus
422 996 586 1052 ligatus
626 997 716 1039 siue
750 997 936 1040 uinculis
975 998 1095 1040 inuo-
1132 994 1328 1049 Nepotes
1360 994 1526 1049 posteri

296 1069 414 1110 lutus
1132 1065 1328 1108 Necdum
1360 1066 1595 1122 nondum¹)

237 1140 329 1182 Nec
361 1141 565 1183 inmerito
598 1156 686 1183 non
718 1142 810 1184 sine
844 1157 974 1184 causa
1251 1138 1317 1180 De
1348 1154 1378 1180 n
1404 1138 1487 1180 ehi

237 1212 510 1268 Necopinum
559 1228 647 1255 non
691 1216 938 1268 spectatum
980 1214 1093 1256 idest
1131 1210 1211 1252 Nit
1243 1210 1338 1252 filat

297 1288 450 1327 contra
483 1285 731 1340 opinionem
1132 1282 1285 1324 Nitore
1319 1282 1434 1337 quod
1465 1281 1652 1324 nitidum
1685 1287 1752 1326 est

237 1357 438 1412 Nequam
469 1358 685 1412 pessimus
717 1358 918 1413 nequiter
1133 1354 1276 1407 Nidor
1304 1354 1443 1396 hodor

237 1429 400 1472 Necem
433 1429 614 1471 exitium
646 1432 850 1483 mortem]
1132 1426 1305 1469 Nititur
1337 1429 1519 1469 conatur

187 1514 218 1539 15
238 1501 449 1557 Nequiuit
480 1517 567 1544 non
601 1502 749 1557 potuit
1133 1499 1253 1541 Nixu
1285 1501 1444 1541 canatu

238 1573 411 1629 Nequid
442 1588 530 1615 non
561 1577 707 1629 potest
738 1574 834 1616 fieri
1134 1572 1273 1614 Nixus
1306 1572 1583 1625 incumbens]

239 1645 530 1701 Nequiferunt
561 1662 649 1689 non
680 1650 918 1702 potuerunt
1132 1643 1298 1686 Nibata
1330 1658 1442 1698 aqua
1475 1659 1526 1686 ex
1556 1645 1732 1687 niuibus
1765 1645 1884 1688 facta

239 1717 457 1773 Nequitur
488 1733 576 1760 non
607 1722 754 1774 potest
785 1719 879 1761 fieri
1132 1716 1323 1758 Nibarus
1357 1716 1608 1771 splendidus

239 1789 395 1844 Nequa
424 1804 477 1831 ne
509 1790 594 1832 alia
1131 1786 1437 1830 Nicromantia
1469 1789 1670 1843 quotiens
1705 1790 1850 1832 anima
1875 1791 1993 1833 abin-

189 1873 221 1898 20
239 1861 394 1917 Nequa
424 1877 513 1904 non
1192 1859 1295 1902 feris
1328 1863 1533 1902 reuocata

239 1934 428 1976 Neredia
459 1935 594 1976 nimfa
627 1936 794 1977 marina
1134 1931 1298 1974 Nidore
1327 1932 1490 1975 hodore

240 2006 452 2048 Neriosus
485 2007 692 2049 resistens
725 2007 853 2050 fortis
1133 2005 1431 2047 Nihilominus
1481 2005 1736 2049 nihilminus
1783 2006 1845 2049 sic
1891 2022 1993 2062 quo-

241 2077 387 2120 Necue
419 2094 559 2133 neque
593 2080 661 2121 uel
692 2095 781 2122 non
1195 2092 1276 2133 que

241 2149 408 2192 Neuter
439 2165 577 2205 neque
609 2152 692 2193 iste
725 2167 861 2207 neque
894 2153 968 2195 ille
1134 2148 1258 2191 Nihil
1302 2149 1512 2191 interesse
1550 2149 1660 2191 nihil
1705 2149 1876 2192 differre
1923 2151 1993 2193 uel

189 2234 222 2259 25
241 2222 459 2264 Neutrum
491 2238 629 2277 neque
661 2223 744 2266 hoc
775 2238 914 2280 neque
946 2226 1056 2267 illud
1196 2221 1360 2263 distare

242 2294 339 2337 Neu
372 2294 541 2337 macula
1137 2293 1338 2336 Nicicula
1369 2293 1600 2349 aegyptius

242 2367 409 2409 Neuter
440 2382 566 2408 nemo
599 2371 799 2410 nostrum
1136 2366 1333 2421 Nimplia
1361 2365 1488 2421 uirgo
1516 2365 1716 2408 caelestis
1741 2366 1811 2408 uel
1837 2381 1996 2409 nomen

242 2438 365 2481 Nexa
399 2440 629 2481 coniuncta
659 2440 798 2497 ligata
1199 2453 1307 2493 aque

341 2535 374 2579 1)
399 2534 455 2568 Ne
481 2545 547 2569 scr.
574 2546 618 2569 m.
645 2537 670 2570 2
693 2536 735 2569 in
759 2546 864 2570 versu
888 2537 1048 2581 sequente]
1068 2537 1078 2581 ΙΙ

341 2635 371 2665 1.
400 2641 448 2664 an
473 2643 498 2665 a
532 2632 535 2674 Ι
569 2630 690 2675 partis
717 2643 741 2665 (ι
774 2633 778 2675 1
814 2630 919 2665 uerbi
945 2643 969 2666 a
1003 2633 1007 2674 1
1042 2642 1109 2666 nec
1136 2631 1338 2675 properata
1364 2630 1448 2664 add.
1478 2640 1502 2662 a
1532 2630 1544 2673 ΙΙ
1582 2632 1614 2662 4.
1641 2640 1707 2664 oms.
1734 2640 1759 2663 a
1791 2630 1804 2673 ΙΙ
1841 2632 1873 2664 5.
1901 2628 1995 2664 Nec-

246 2690 446 2735 quicquam
472 2702 496 2725 α
526 2692 538 2735 Η
570 2695 601 2725 6.
629 2690 848 2724 tenebrosus
875 2703 897 2725 (ι
929 2692 941 2734 ΙΙ
974 2694 1003 2724 7.
1032 2690 1171 2725 occidit
1196 2703 1219 2725 a
1250 2691 1262 2734 ΙΙ
1293 2693 1325 2724 8.
1353 2688 1477 2723 affinis
1503 2700 1527 2723 α
1552 2689 1563 2733 ΙΙ
1590 2692 1645 2723 10.
1672 2700 1738 2723 om.
1766 2700 1790 2723 a
1814 2690 1826 2732 ΙΙ
1852 2692 1907 2724 12.
1935 2699 1996 2723 ex-

245 2752 437 2795 pectatum
457 2763 481 2785 α
500 2752 511 2796 ΙΙ
532 2755 586 2785 13.
607 2749 811 2795 pessimum
831 2763 854 2785 av
873 2752 884 2795 ΙΙ
906 2754 960 2785 15.
980 2749 1164 2795 Nequibit
1183 2762 1201 2786 c
1220 2752 1232 2794 ΙΙ
1252 2753 1307 2785 16.
1327 2748 1514 2793 Nequitur
1528 2760 1552 2783 a
1567 2749 1570 2794 Ι
1587 2758 1663 2782 non
1680 2749 1768 2792 post
1787 2749 1938 2792 interpr.
1953 2760 1972 2784 c
1985 2750 1996 2794 l!

248 2814 301 2846 17.
328 2810 590 2855 Nequiuerunt
615 2812 695 2846 aed
719 2813 730 2856 ΙΙ
757 2815 811 2846 18.
840 2810 1025 2855 Nequitus
1052 2823 1070 2846 c
1089 2812 1099 2855 ΙΙ
1127 2815 1184 2845 21.
1204 2808 1368 2844 Nereida
1393 2821 1427 2843 a.
1466 2807 1598 2843 Nereis
1625 2809 1707 2843 beel
1729 2812 1733 2848 Ι
1755 2806 1912 2852 nimpha
1937 2820 1961 2843 a
1986 2811 1987 2850 ᾗ

247 2875 302 2905 22.
329 2883 395 2906 om.
422 2883 441 2907 c
481 2875 484 2913 ἱ
524 2871 714 2905 Neruosus
741 2883 774 2906 (ι,
813 2870 1023 2905 Nerbossus
1050 2872 1073 2906 d
1092 2872 1103 2914 ΙΙ
1132 2875 1187 2905 23.
1215 2869 1319 2904 Neue
1351 2869 1432 2904 (1σά
1469 2871 1480 2914 ΙΙ
1517 2871 1573 2904 24.
1600 2867 1766 2902 Neueter
1790 2879 1809 2903 c
1839 2870 1844 2913 Ι
1875 2878 1997 2912 neque

248 2933 303 2965 ste
329 2943 347 2966 c
378 2933 388 2976 ΙΙ
421 2934 476 2966 25.
503 2929 591 2964 illut
615 2942 634 2966 e
664 2933 675 2973 ΙΙ
707 2934 762 2966 31.
790 2930 851 2964 uel
877 2942 926 2965 ac
961 2932 965 2974 1
1001 2929 1224 2975 supplitium
1249 2940 1268 2964 c
1299 2930 1310 2974 ΙΙ
1342 2933 1399 2963 33.
1426 2929 1556 2973 oporte
1582 2940 1606 2963 a
1636 2930 1648 2972 ΙΙ
1679 2930 1736 2961 35.
1762 2926 1910 2962 Nebulo
1936 2939 1961 2962 a
1985 2926 1998 2974 Η

248 2993 302 3025 37.
330 2990 467 3025 mortui
493 2992 621 3036 (11138.
648 2989 744 3024 nolit
769 2991 897 3033 (11141.
926 3002 992 3036 om.
1019 2993 1148 3033 ((1144.
1176 2989 1268 3024 odor
1292 3000 1316 3023 a
1341 2989 1351 3032 ΙΙ
1377 2991 1433 3023 46.
1460 2987 1555 3022 Nisu
1581 2989 1718 3023 conatu
1744 2988 1874 3032 (11148.
1899 2986 1997 3022 nibi-

248 3049 317 3083 bus
343 3051 392 3085 cd
429 3053 440 3095 ΙΙ
476 3054 532 3085 49.
559 3049 724 3084 Nibasus
750 3062 774 3084 (ι
805 3051 816 3094 ΙΙ
847 3053 904 3085 50.
932 3048 1167 3083 Nicromatia
1192 3060 1210 3084 c
1245 3051 1256 3094 ΙΙ
1293 3051 1348 3082 51.
1377 3059 1441 3083 om.
1470 3060 1493 3083 a
1534 3050 1538 3092 Ι
1578 3047 1691 3082 odore
1717 3058 1761 3082 eoe
1787 3047 1918 3082 odoret
1942 3059 1962 3083 c
1985 3047 1998 3094 ΙΙ

249 3113 304 3144 52.
331 3109 606 3144 Nichilominus
637 3108 878 3144 niehflmjnus
905 3121 938 3144 a.
982 3107 1087 3142 Nihil
1118 3107 1292 3142 hominus
1318 3106 1412 3141 nihil
1437 3107 1561 3142 minus
1586 3119 1606 3143 c
1647 3109 1659 3153 ΙΙ
1701 3109 1757 3142 53.
1784 3105 1911 3141 Niehil
1935 3118 1960 3142 a
1988 3106 1992 3153 Ι

250 3168 387 3204 interse
407 3181 431 3204 α
453 3175 457 3214 1
479 3169 596 3204 nichil
621 3182 646 3205 a
668 3172 672 3214 Ι
695 3168 877 3204 distraere
903 3179 922 3204 c
939 3170 951 3213 ΙΙ
971 3171 1027 3203 54.
1054 3166 1220 3201 Nilicula
1245 3178 1264 3202 c
1286 3169 1290 3212 Ι
1314 3165 1478 3212 egiptius
1504 3179 1529 3202 a
1547 3167 1559 3211 ΙΙ
1577 3169 1634 3202 55.
1661 3165 1738 3212 uel]
1766 3176 1852 3200 eum
1876 3177 1895 3202 c
1913 3167 1925 3211 ΙΙ

2005 285 2039 310 29

2013 352 2098 384 103¹

2007 715 2041 741 35

2008 1075 2044 1100 40

2011 1436 2045 1462 45

2012 1794 2048 1820 50

2013 2300 2049 2326 54

2024 2368 2115 2401 103u
