<?xml version="1.0" encoding="UTF-8"?>
<!DOCTYPE html PUBLIC "-//W3C//DTD XHTML 1.0 Transitional//EN"
    "http://www.w3.org/TR/xhtml1/DTD/xhtml1-transitional.dtd">
<html xmlns="http://www.w3.org/1999/xhtml" xml:lang="en" lang="en">
 <head>
  <title>
</title>
<meta http-equiv="Content-Type" content="text/html;charset=utf-8" />
  <meta name='ocr-system' content='tesseract 3.04.00' />
  <meta name='ocr-capabilities' content='ocr_page ocr_carea ocr_par ocr_line ocrx_word'/>
</head>
<body>
  <div class='ocr_page' id='page_1' title='image "./corpusglossarior04linduoft/corpusglossarior04linduoft_0303.png"; bbox 0 0 2170 3522; ppageno 0'>
   <div class='ocr_carea' id='block_1_1' title="bbox 627 181 1534 218">
    <p class='ocr_par' dir='ltr' id='par_1_1' title="bbox 627 181 1534 218">
     <span class='ocr_line' id='line_1_1' title="bbox 627 181 1534 218; baseline -0.002 0"><span class='ocrx_word' id='word_1_1' title='bbox 627 182 840 218; x_wconf 76' lang='lat' dir='ltr'><strong>GLOSSAE</strong></span> <span class='ocrx_word' id='word_1_2' title='bbox 867 182 1052 218; x_wconf 84' lang='lat' dir='ltr'>CODICIS</span> <span class='ocrx_word' id='word_1_3' title='bbox 1080 181 1439 217; x_wconf 76' lang='lat' dir='ltr'>sANGALLENSIS</span> <span class='ocrx_word' id='word_1_4' title='bbox 1466 186 1534 216; x_wconf 75' lang='lat'>912</span> 
     </span>
    </p>
   </div>
   <div class='ocr_carea' id='block_1_2' title="bbox 174 293 1065 924">
    <p class='ocr_par' dir='ltr' id='par_1_2' title="bbox 210 293 887 564">
     <span class='ocr_line' id='line_1_2' title="bbox 210 293 741 348; baseline 0 -13"><span class='ocrx_word' id='word_1_5' title='bbox 210 293 456 335; x_wconf 81' lang='lat' dir='ltr'>Insectatus</span> <span class='ocrx_word' id='word_1_6' title='bbox 489 296 741 348; x_wconf 85' lang='lat' dir='ltr'>persecutus</span> 
     </span>
     <span class='ocr_line' id='line_1_3' title="bbox 211 365 887 420; baseline 0.001 -14"><span class='ocrx_word' id='word_1_7' title='bbox 211 365 435 407; x_wconf 83' lang='lat' dir='ltr'>Instaurat</span> <span class='ocrx_word' id='word_1_8' title='bbox 466 368 641 420; x_wconf 84' lang='lat' dir='ltr'>reparat</span> <span class='ocrx_word' id='word_1_9' title='bbox 674 368 887 407; x_wconf 87' lang='lat' dir='ltr'>rennouat</span> 
     </span>
     <span class='ocr_line' id='line_1_4' title="bbox 210 436 813 493; baseline 0 -15"><span class='ocrx_word' id='word_1_10' title='bbox 210 436 444 478; x_wconf 84' lang='lat' dir='ltr'>Insimulat</span> <span class='ocrx_word' id='word_1_11' title='bbox 476 439 652 478; x_wconf 86' lang='lat' dir='ltr'>accusat</span> <span class='ocrx_word' id='word_1_12' title='bbox 683 437 813 493; x_wconf 80' lang='lat' dir='ltr'>fingit</span> 
     </span>
     <span class='ocr_line' id='line_1_5' title="bbox 210 508 742 564; baseline -0.002 -14"><span class='ocrx_word' id='word_1_13' title='bbox 210 509 354 550; x_wconf 83' lang='lat' dir='ltr'>Instat</span> <span class='ocrx_word' id='word_1_14' title='bbox 385 508 552 550; x_wconf 82' lang='lat' dir='ltr'>insistit</span> <span class='ocrx_word' id='word_1_15' title='bbox 584 508 742 564; x_wconf 80' lang='lat' dir='ltr'>uigilat</span> 
     </span>
    </p>

    <p class='ocr_par' dir='ltr' id='par_1_3' title="bbox 174 580 421 622">
     <span class='ocr_line' id='line_1_6' title="bbox 174 580 421 622; baseline 0 0"><span class='ocrx_word' id='word_1_16' title='bbox 174 592 191 618; x_wconf 85' lang='lat'>5</span> <span class='ocrx_word' id='word_1_17' title='bbox 210 580 421 622; x_wconf 85' lang='lat' dir='ltr'>Instituta</span> 
     </span>
    </p>

    <p class='ocr_par' dir='ltr' id='par_1_4' title="bbox 268 654 501 708">
     <span class='ocr_line' id='line_1_7' title="bbox 268 654 501 708; baseline -0.004 -14"><span class='ocrx_word' id='word_1_18' title='bbox 268 654 501 708; x_wconf 85' lang='lat' dir='ltr'>praecepta</span> 
     </span>
    </p>

    <p class='ocr_par' dir='ltr' id='par_1_5' title="bbox 209 724 1065 924">
     <span class='ocr_line' id='line_1_8' title="bbox 210 724 790 779; baseline 0 -13"><span class='ocrx_word' id='word_1_19' title='bbox 210 724 477 767; x_wconf 86' lang='lat' dir='ltr'>Insolescere</span> <span class='ocrx_word' id='word_1_20' title='bbox 511 724 790 779; x_wconf 86' lang='lat' dir='ltr'>superuiuere</span> 
     </span>
     <span class='ocr_line' id='line_1_9' title="bbox 209 796 917 852; baseline 0.001 -15"><span class='ocrx_word' id='word_1_21' title='bbox 209 796 429 852; x_wconf 81' lang='lat' dir='ltr'>Insignior</span> <span class='ocrx_word' id='word_1_22' title='bbox 463 796 693 838; x_wconf 83' lang='lat' dir='ltr'>sublimior</span> <span class='ocrx_word' id='word_1_23' title='bbox 723 796 917 838; x_wconf 88' lang='lat' dir='ltr'>nubilior</span> 
     </span>
     <span class='ocr_line' id='line_1_10' title="bbox 210 868 1065 924; baseline 0 -14"><span class='ocrx_word' id='word_1_24' title='bbox 210 869 431 924; x_wconf 85' lang='lat' dir='ltr'>Inspicare</span> <span class='ocrx_word' id='word_1_25' title='bbox 482 868 708 910; x_wconf 81' lang='lat' dir='ltr'>defendere</span> <span class='ocrx_word' id='word_1_26' title='bbox 759 872 802 910; x_wconf 87' lang='lat' dir='ltr'>et</span> <span class='ocrx_word' id='word_1_27' title='bbox 847 869 893 910; x_wconf 89' lang='lat' dir='ltr'>in</span> <span class='ocrx_word' id='word_1_28' title='bbox 938 869 1065 911; x_wconf 84' lang='lat' dir='ltr'>modo</span> 
     </span>
    </p>
   </div>
   <div class='ocr_carea' id='block_1_3' title="bbox 495 580 1066 635">
    <p class='ocr_par' dir='ltr' id='par_1_6' title="bbox 495 580 1066 635">
     <span class='ocr_line' id='line_1_11' title="bbox 495 580 1066 635; baseline 0.002 -14"><span class='ocrx_word' id='word_1_29' title='bbox 495 580 693 635; x_wconf 82' lang='lat' dir='ltr'>exempla</span> <span class='ocrx_word' id='word_1_30' title='bbox 764 580 1066 635; x_wconf 70' lang='lat' dir='ltr'>dispositionis</span> 
     </span>
    </p>
   </div>
   <div class='ocr_carea' id='block_1_4' title="bbox 116 935 1069 2513">
    <p class='ocr_par' dir='ltr' id='par_1_7' title="bbox 116 935 1069 2513">
     <span class='ocr_line' id='line_1_12' title="bbox 270 935 743 997; baseline -0.002 -14"><span class='ocrx_word' id='word_1_31' title='bbox 270 935 488 997; x_wconf 84' lang='lat' dir='ltr'>spicarum</span> <span class='ocrx_word' id='word_1_32' title='bbox 521 940 743 983; x_wconf 81' lang='lat' dir='ltr'>concidere</span> 
     </span>
     <span class='ocr_line' id='line_1_13' title="bbox 212 1012 689 1055; baseline -0.002 0"><span class='ocrx_word' id='word_1_33' title='bbox 212 1013 472 1055; x_wconf 87' lang='lat' dir='ltr'>Intrinsicus</span> <span class='ocrx_word' id='word_1_34' title='bbox 504 1012 689 1054; x_wconf 86' lang='lat' dir='ltr'>inferius</span> 
     </span>
     <span class='ocr_line' id='line_1_14' title="bbox 156 1085 795 1128; baseline -0.002 -1"><span class='ocrx_word' id='word_1_35' title='bbox 156 1098 190 1123; x_wconf 90' lang='lat'>10</span> <span class='ocrx_word' id='word_1_36' title='bbox 210 1085 475 1128; x_wconf 85' lang='lat' dir='ltr'>Intestinum</span> <span class='ocrx_word' id='word_1_37' title='bbox 508 1085 795 1128; x_wconf 89' lang='lat' dir='ltr'>domesticum</span> 
     </span>
     <span class='ocr_line' id='line_1_15' title="bbox 209 1157 888 1213; baseline -0.001 -13"><span class='ocrx_word' id='word_1_38' title='bbox 209 1158 481 1213; x_wconf 69' lang='lat' dir='ltr'>Intempesta</span> <span class='ocrx_word' id='word_1_39' title='bbox 512 1173 598 1199; x_wconf 80' lang='lat' dir='ltr'>nox</span> <span class='ocrx_word' id='word_1_40' title='bbox 631 1157 772 1199; x_wconf 86' lang='lat' dir='ltr'>media</span> <span class='ocrx_word' id='word_1_41' title='bbox 803 1172 888 1199; x_wconf 81' lang='lat' dir='ltr'>nox</span> 
     </span>
     <span class='ocr_line' id='line_1_16' title="bbox 209 1231 674 1286; baseline -0.004 -13"><span class='ocrx_word' id='word_1_42' title='bbox 209 1231 435 1286; x_wconf 86' lang='lat' dir='ltr'>Interpola</span> <span class='ocrx_word' id='word_1_43' title='bbox 468 1232 674 1272; x_wconf 87' lang='lat' dir='ltr'>reuocata</span> 
     </span>
     <span class='ocr_line' id='line_1_17' title="bbox 209 1302 774 1357; baseline -0.004 -12"><span class='ocrx_word' id='word_1_44' title='bbox 209 1303 467 1345; x_wconf 84' lang='lat' dir='ltr'>Intercalari</span> <span class='ocrx_word' id='word_1_45' title='bbox 500 1302 774 1357; x_wconf 70' lang='lat' dir='ltr'>interponere</span> 
     </span>
     <span class='ocr_line' id='line_1_18' title="bbox 210 1374 546 1430; baseline -0.006 -13"><span class='ocrx_word' id='word_1_46' title='bbox 210 1375 384 1417; x_wconf 87' lang='lat' dir='ltr'>Interiit</span> <span class='ocrx_word' id='word_1_47' title='bbox 415 1374 546 1430; x_wconf 85' lang='lat' dir='ltr'>periit</span> 
     </span>
     <span class='ocr_line' id='line_1_19' title="bbox 158 1446 684 1489; baseline -0.004 0"><span class='ocrx_word' id='word_1_48' title='bbox 158 1458 191 1483; x_wconf 82' lang='lat'>15</span> <span class='ocrx_word' id='word_1_49' title='bbox 210 1447 469 1489; x_wconf 88' lang='lat' dir='ltr'>Intrinsicus</span> <span class='ocrx_word' id='word_1_50' title='bbox 503 1446 684 1488; x_wconf 86' lang='lat' dir='ltr'>inferius</span> 
     </span>
     <span class='ocr_line' id='line_1_20' title="bbox 210 1517 1068 1574; baseline -0.002 -12"><span class='ocrx_word' id='word_1_51' title='bbox 210 1519 427 1562; x_wconf 88' lang='lat' dir='ltr'>Intriuera</span> <span class='ocrx_word' id='word_1_52' title='bbox 453 1519 726 1561; x_wconf 81' lang='lat' dir='ltr'>minuauerat</span> <span class='ocrx_word' id='word_1_53' title='bbox 754 1517 1068 1574; x_wconf 74' lang='lat' dir='ltr'>contriuerat1)</span> 
     </span>
     <span class='ocr_line' id='line_1_21' title="bbox 210 1591 1069 1647; baseline -0.001 -14"><span class='ocrx_word' id='word_1_54' title='bbox 210 1591 478 1634; x_wconf 83' lang='lat' dir='ltr'>Intemerata</span> <span class='ocrx_word' id='word_1_55' title='bbox 515 1591 682 1633; x_wconf 83' lang='lat' dir='ltr'>intacta</span> <span class='ocrx_word' id='word_1_56' title='bbox 720 1591 894 1647; x_wconf 78' lang='lat' dir='ltr'>integra</span> <span class='ocrx_word' id='word_1_57' title='bbox 932 1591 1069 1633; x_wconf 84' lang='lat' dir='ltr'>incor-</span> 
     </span>
     <span class='ocr_line' id='line_1_22' title="bbox 269 1666 401 1719; baseline 0.008 -14"><span class='ocrx_word' id='word_1_58' title='bbox 269 1666 401 1719; x_wconf 86' lang='lat' dir='ltr'>rupta</span> 
     </span>
     <span class='ocr_line' id='line_1_23' title="bbox 116 1736 748 1791; baseline 0.003 -16"><span class='ocrx_word' id='word_1_59' title='bbox 116 1744 184 1776; x_wconf 75' lang='lat' dir='ltr'>72u</span> <span class='ocrx_word' id='word_1_60' title='bbox 210 1736 404 1778; x_wconf 87' lang='lat' dir='ltr'>Intuitur</span> <span class='ocrx_word' id='word_1_61' title='bbox 436 1736 548 1778; x_wconf 88' lang='lat' dir='ltr'>uidit</span> <span class='ocrx_word' id='word_1_62' title='bbox 581 1736 748 1791; x_wconf 85' lang='lat' dir='ltr'>aspicet</span> 
     </span>
     <span class='ocr_line' id='line_1_24' title="bbox 210 1808 763 1863; baseline 0 -13"><span class='ocrx_word' id='word_1_63' title='bbox 210 1808 443 1850; x_wconf 81' lang='lat' dir='ltr'>Interritus</span> <span class='ocrx_word' id='word_1_64' title='bbox 477 1808 568 1850; x_wconf 86' lang='lat' dir='ltr'>sine</span> <span class='ocrx_word' id='word_1_65' title='bbox 602 1823 763 1863; x_wconf 87' lang='lat' dir='ltr'>pauore</span> 
     </span>
     <span class='ocr_line' id='line_1_25' title="bbox 158 1880 699 1936; baseline -0.002 -14"><span class='ocrx_word' id='word_1_66' title='bbox 158 1894 191 1918; x_wconf 79' lang='lat'>20</span> <span class='ocrx_word' id='word_1_67' title='bbox 211 1880 457 1923; x_wconf 87' lang='lat' dir='ltr'>Internusci</span> <span class='ocrx_word' id='word_1_68' title='bbox 492 1881 699 1936; x_wconf 82' lang='lat' dir='ltr'>cognusci</span> 
     </span>
     <span class='ocr_line' id='line_1_26' title="bbox 210 1953 616 1995; baseline 0 -1"><span class='ocrx_word' id='word_1_69' title='bbox 210 1953 399 1995; x_wconf 90' lang='lat' dir='ltr'>Intimus</span> <span class='ocrx_word' id='word_1_70' title='bbox 432 1953 616 1995; x_wconf 88' lang='lat' dir='ltr'>interior</span> 
     </span>
     <span class='ocr_line' id='line_1_27' title="bbox 211 2024 803 2080; baseline 0 -13"><span class='ocrx_word' id='word_1_71' title='bbox 211 2024 505 2080; x_wconf 84' lang='lat' dir='ltr'>Interpulauit</span> <span class='ocrx_word' id='word_1_72' title='bbox 536 2024 803 2080; x_wconf 87' lang='lat' dir='ltr'>interruppit</span> 
     </span>
     <span class='ocr_line' id='line_1_28' title="bbox 210 2096 742 2139; baseline 0.002 -1"><span class='ocrx_word' id='word_1_73' title='bbox 210 2096 440 2139; x_wconf 89' lang='lat' dir='ltr'>Interlitus</span> <span class='ocrx_word' id='word_1_74' title='bbox 473 2097 742 2139; x_wconf 83' lang='lat' dir='ltr'>interlinitus</span> 
     </span>
     <span class='ocr_line' id='line_1_29' title="bbox 211 2168 550 2225; baseline 0.003 -14"><span class='ocrx_word' id='word_1_75' title='bbox 211 2168 387 2211; x_wconf 89' lang='lat' dir='ltr'>Interiit</span> <span class='ocrx_word' id='word_1_76' title='bbox 419 2170 550 2225; x_wconf 89' lang='lat' dir='ltr'>periit</span> 
     </span>
     <span class='ocr_line' id='line_1_30' title="bbox 160 2241 569 2284; baseline 0 -1"><span class='ocrx_word' id='word_1_77' title='bbox 160 2252 193 2278; x_wconf 81' lang='lat'>25</span> <span class='ocrx_word' id='word_1_78' title='bbox 213 2241 377 2283; x_wconf 85' lang='lat' dir='ltr'>Intenti</span> <span class='ocrx_word' id='word_1_79' title='bbox 410 2241 569 2284; x_wconf 84' lang='lat' dir='ltr'>atoniti</span> 
     </span>
     <span class='ocr_line' id='line_1_31' title="bbox 212 2313 617 2370; baseline 0 -15"><span class='ocrx_word' id='word_1_80' title='bbox 212 2313 457 2370; x_wconf 81' lang='lat' dir='ltr'>Integratio</span> <span class='ocrx_word' id='word_1_81' title='bbox 491 2314 617 2356; x_wconf 91' lang='lat' dir='ltr'>initio</span> 
     </span>
     <span class='ocr_line' id='line_1_32' title="bbox 211 2385 860 2441; baseline 0.003 -15"><span class='ocrx_word' id='word_1_82' title='bbox 211 2385 478 2441; x_wconf 87' lang='lat' dir='ltr'>Interceptio</span> <span class='ocrx_word' id='word_1_83' title='bbox 512 2386 708 2441; x_wconf 83' lang='lat' dir='ltr'>deceptio</span> <span class='ocrx_word' id='word_1_84' title='bbox 742 2386 860 2428; x_wconf 82' lang='lat' dir='ltr'>fraus</span> 
     </span>
     <span class='ocr_line' id='line_1_33' title="bbox 212 2457 901 2513; baseline 0.003 -14"><span class='ocrx_word' id='word_1_85' title='bbox 212 2457 264 2499; x_wconf 92' lang='lat' dir='ltr'>In</span> <span class='ocrx_word' id='word_1_86' title='bbox 297 2460 492 2513; x_wconf 89' lang='lat' dir='ltr'>tempore</span> <span class='ocrx_word' id='word_1_87' title='bbox 524 2458 570 2500; x_wconf 88' lang='lat' dir='ltr'>in</span> <span class='ocrx_word' id='word_1_88' title='bbox 603 2459 901 2513; x_wconf 76' lang='lat' dir='ltr'>oportunitate</span> 
     </span>
    </p>
   </div>
   <div class='ocr_carea' id='block_1_5' title="bbox 1872 181 1953 221">
    <p class='ocr_par' dir='ltr' id='par_1_8' title="bbox 1872 181 1953 221">
     <span class='ocr_line' id='line_1_34' title="bbox 1872 181 1898 221; textangle 90"><span class='ocrx_word' id='word_1_89' title='bbox 1872 181 1898 221; x_wconf 66' lang='lat' dir='ltr'>N.)</span> 
     </span>
     <span class='ocr_line' id='line_1_35' title="bbox 1902 181 1928 221; textangle 90"><span class='ocrx_word' id='word_1_90' title='bbox 1902 181 1928 221; x_wconf 59' lang='lat'>0’1</span> 
     </span>
     <span class='ocr_line' id='line_1_36' title="bbox 1936 182 1953 221; textangle 90"><span class='ocrx_word' id='word_1_91' title='bbox 1936 182 1953 221; x_wconf 50' lang='grc'><strong>1,-1</strong></span> 
     </span>
    </p>
   </div>
   <div class='ocr_carea' id='block_1_6' title="bbox 1104 292 2016 1055">
    <p class='ocr_par' dir='ltr' id='par_1_9' title="bbox 1105 292 1491 347">
     <span class='ocr_line' id='line_1_37' title="bbox 1105 292 1491 347; baseline -0.003 -13"><span class='ocrx_word' id='word_1_92' title='bbox 1105 292 1266 334; x_wconf 87' lang='lat' dir='ltr'>Intima</span> <span class='ocrx_word' id='word_1_93' title='bbox 1298 292 1491 347; x_wconf 69' lang='lat' dir='ltr'>pretiosa</span> 
     </span>
    </p>

    <p class='ocr_par' dir='ltr' id='par_1_10' title="bbox 1104 364 2015 406">
     <span class='ocr_line' id='line_1_38' title="bbox 1104 364 2015 406; baseline -0.003 0"><span class='ocrx_word' id='word_1_94' title='bbox 1104 367 1323 406; x_wconf 87' lang='lat' dir='ltr'>ntersccta</span> <span class='ocrx_word' id='word_1_95' title='bbox 1356 364 1593 406; x_wconf 82' lang='lat' dir='ltr'>interclusa</span> <span class='ocrx_word' id='word_1_96' title='bbox 1981 376 2015 399; x_wconf 61' lang='lat'>:³0</span> 
     </span>
    </p>

    <p class='ocr_par' dir='ltr' id='par_1_11' title="bbox 1106 436 1589 478">
     <span class='ocr_line' id='line_1_39' title="bbox 1106 436 1589 478; baseline 0 -1"><span class='ocrx_word' id='word_1_97' title='bbox 1106 436 1325 478; x_wconf 80' lang='lat' dir='ltr'>Intimabo</span> <span class='ocrx_word' id='word_1_98' title='bbox 1359 436 1589 478; x_wconf 82' lang='lat' dir='ltr'>insinuabo</span> 
     </span>
    </p>

    <p class='ocr_par' dir='ltr' id='par_1_12' title="bbox 1106 508 1654 563">
     <span class='ocr_line' id='line_1_40' title="bbox 1106 508 1654 563; baseline 0 -13"><span class='ocrx_word' id='word_1_99' title='bbox 1106 508 1374 563; x_wconf 81' lang='lat' dir='ltr'>Intercapito</span> <span class='ocrx_word' id='word_1_100' title='bbox 1408 508 1654 550; x_wconf 86' lang='lat' dir='ltr'>interiectio</span> 
     </span>
    </p>

    <p class='ocr_par' dir='ltr' id='par_1_13' title="bbox 1106 579 1831 622">
     <span class='ocr_line' id='line_1_41' title="bbox 1106 579 1831 622; baseline -0.003 0"><span class='ocrx_word' id='word_1_101' title='bbox 1106 580 1365 622; x_wconf 84' lang='lat' dir='ltr'>Intestabile</span> <span class='ocrx_word' id='word_1_102' title='bbox 1400 579 1491 621; x_wconf 88' lang='lat' dir='ltr'>sine</span> <span class='ocrx_word' id='word_1_103' title='bbox 1525 579 1618 621; x_wconf 83' lang='lat' dir='ltr'>fede</span> <span class='ocrx_word' id='word_1_104' title='bbox 1653 579 1831 621; x_wconf 87' lang='lat' dir='ltr'>testium</span> 
     </span>
    </p>

    <p class='ocr_par' dir='ltr' id='par_1_14' title="bbox 1105 651 1748 708">
     <span class='ocr_line' id='line_1_42' title="bbox 1105 651 1748 708; baseline -0.003 -14"><span class='ocrx_word' id='word_1_105' title='bbox 1105 652 1274 708; x_wconf 80' lang='lat' dir='ltr'>Intiger</span> <span class='ocrx_word' id='word_1_106' title='bbox 1307 651 1561 707; x_wconf 80' lang='lat' dir='ltr'>sanguinem</span> <span class='ocrx_word' id='word_1_107' title='bbox 1595 651 1748 706; x_wconf 86' lang='lat' dir='ltr'>plenus</span> 
     </span>
    </p>

    <p class='ocr_par' dir='ltr' id='par_1_15' title="bbox 1105 723 2016 779">
     <span class='ocr_line' id='line_1_43' title="bbox 1105 723 2016 779; baseline -0.008 -13"><span class='ocrx_word' id='word_1_108' title='bbox 1105 724 1353 766; x_wconf 84' lang='lat' dir='ltr'>Interfabor</span> <span class='ocrx_word' id='word_1_109' title='bbox 1385 723 1628 779; x_wconf 79' lang='lat' dir='ltr'>interlogor</span> <span class='ocrx_word' id='word_1_110' title='bbox 1983 735 2016 759; x_wconf 75' lang='lat'>35</span> 
     </span>
    </p>

    <p class='ocr_par' dir='ltr' id='par_1_16' title="bbox 1104 796 1741 911">
     <span class='ocr_line' id='line_1_44' title="bbox 1104 796 1402 851; baseline -0.003 -13"><span class='ocrx_word' id='word_1_111' title='bbox 1104 796 1402 851; x_wconf 86' lang='lat' dir='ltr'>Interpolatus</span> 
     </span>
     <span class='ocr_line' id='line_1_45' title="bbox 1165 868 1741 911; baseline -0.003 0"><span class='ocrx_word' id='word_1_112' title='bbox 1165 869 1409 911; x_wconf 81' lang='lat' dir='ltr'>maculatus</span> <span class='ocrx_word' id='word_1_113' title='bbox 1442 868 1512 910; x_wconf 88' lang='lat' dir='ltr'>uel</span> <span class='ocrx_word' id='word_1_114' title='bbox 1545 868 1741 910; x_wconf 85' lang='lat' dir='ltr'>fuscatus</span> 
     </span>
    </p>

    <p class='ocr_par' dir='ltr' id='par_1_17' title="bbox 1106 940 1558 996">
     <span class='ocr_line' id='line_1_46' title="bbox 1106 940 1558 996; baseline -0.004 -13"><span class='ocrx_word' id='word_1_115' title='bbox 1106 941 1334 996; x_wconf 86' lang='lat' dir='ltr'>Inteptant</span> <span class='ocrx_word' id='word_1_116' title='bbox 1366 940 1558 982; x_wconf 88' lang='lat' dir='ltr'>inferunt</span> 
     </span>
    </p>

    <p class='ocr_par' dir='ltr' id='par_1_18' title="bbox 1107 1011 1828 1055">
     <span class='ocr_line' id='line_1_47' title="bbox 1107 1011 1828 1055; baseline -0.004 0"><span class='ocrx_word' id='word_1_117' title='bbox 1107 1014 1337 1055; x_wconf 85' lang='lat' dir='ltr'>Intentant</span> <span class='ocrx_word' id='word_1_118' title='bbox 1369 1012 1603 1054; x_wconf 87' lang='lat' dir='ltr'>intendunt</span> <span class='ocrx_word' id='word_1_119' title='bbox 1636 1011 1828 1053; x_wconf 85' lang='lat' dir='ltr'>minatur</span> 
     </span>
    </p>
   </div>
   <div class='ocr_carea' id='block_1_7' title="bbox 1466 796 1961 850">
    <p class='ocr_par' dir='ltr' id='par_1_19' title="bbox 1466 796 1961 850">
     <span class='ocr_line' id='line_1_48' title="bbox 1466 796 1961 850; baseline -0.004 -13"><span class='ocrx_word' id='word_1_120' title='bbox 1466 797 1696 850; x_wconf 85' lang='lat' dir='ltr'>corruptus</span> <span class='ocrx_word' id='word_1_121' title='bbox 1757 796 1961 849; x_wconf 68' lang='lat' dir='ltr'>uarieque</span> 
     </span>
    </p>
   </div>
   <div class='ocr_carea' id='block_1_8' title="bbox 1107 1083 2053 2501">
    <p class='ocr_par' dir='ltr' id='par_1_20' title="bbox 1107 1083 2019 1213">
     <span class='ocr_line' id='line_1_49' title="bbox 1107 1083 2019 1140; baseline -0.004 -12"><span class='ocrx_word' id='word_1_122' title='bbox 1107 1085 1466 1140; x_wconf 85' lang='lat' dir='ltr'>Interpellantem</span> <span class='ocrx_word' id='word_1_123' title='bbox 1493 1084 1781 1126; x_wconf 82' lang='lat' dir='ltr'>reluctantem</span> <span class='ocrx_word' id='word_1_124' title='bbox 1809 1083 1877 1125; x_wconf 89' lang='lat' dir='ltr'>uel</span> <span class='ocrx_word' id='word_1_125' title='bbox 1904 1084 1965 1124; x_wconf 87' lang='lat' dir='ltr'>in-</span> <span class='ocrx_word' id='word_1_126' title='bbox 1985 1096 2019 1119; x_wconf 70' lang='lat'>3⁴³</span> 
     </span>
     <span class='ocr_line' id='line_1_50' title="bbox 1166 1157 1366 1213; baseline -0.005 -14"><span class='ocrx_word' id='word_1_127' title='bbox 1166 1157 1366 1213; x_wconf 89' lang='lat' dir='ltr'>pediente</span> 
     </span>
    </p>

    <p class='ocr_par' dir='ltr' id='par_1_21' title="bbox 1108 1228 2053 1354">
     <span class='ocr_line' id='line_1_51' title="bbox 1108 1228 2053 1272; baseline -0.008 0"><span class='ocrx_word' id='word_1_128' title='bbox 1108 1229 1365 1272; x_wconf 84' lang='lat' dir='ltr'>Interminia</span> <span class='ocrx_word' id='word_1_129' title='bbox 1405 1228 1606 1270; x_wconf 87' lang='lat' dir='ltr'>innuntia</span> <span class='ocrx_word' id='word_1_130' title='bbox 1645 1228 1841 1270; x_wconf 87' lang='lat' dir='ltr'>obiectus</span> <span class='ocrx_word' id='word_1_131' title='bbox 1882 1243 1965 1268; x_wconf 88' lang='lat' dir='ltr'>me·</span> <span class='ocrx_word' id='word_1_132' title='bbox 1994 1235 2053 1265; x_wconf 73' lang='lat'>731·</span> 
     </span>
     <span class='ocr_line' id='line_1_52' title="bbox 1168 1301 1396 1354; baseline -0.004 -10"><span class='ocrx_word' id='word_1_133' title='bbox 1168 1301 1345 1344; x_wconf 80' lang='lat' dir='ltr'>triatrix</span> <span class='ocrx_word' id='word_1_134' title='bbox 1392 1351 1396 1354; x_wconf 15' lang='lat' dir='ltr'>p</span> 
     </span>
    </p>

    <p class='ocr_par' dir='ltr' id='par_1_22' title="bbox 1108 1372 1624 1416">
     <span class='ocr_line' id='line_1_53' title="bbox 1108 1372 1624 1416; baseline -0.004 0"><span class='ocrx_word' id='word_1_135' title='bbox 1108 1375 1292 1416; x_wconf 86' lang='lat' dir='ltr'>Intimat</span> <span class='ocrx_word' id='word_1_136' title='bbox 1323 1374 1484 1415; x_wconf 91' lang='lat' dir='ltr'>nodum</span> <span class='ocrx_word' id='word_1_137' title='bbox 1516 1372 1624 1415; x_wconf 80' lang='lat' dir='ltr'>facit</span> 
     </span>
    </p>

    <p class='ocr_par' dir='ltr' id='par_1_23' title="bbox 1108 1445 1619 1489">
     <span class='ocr_line' id='line_1_54' title="bbox 1108 1445 1619 1489; baseline -0.006 0"><span class='ocrx_word' id='word_1_138' title='bbox 1108 1446 1322 1489; x_wconf 83' lang='lat' dir='ltr'>Interfata</span> <span class='ocrx_word' id='word_1_139' title='bbox 1354 1445 1619 1488; x_wconf 88' lang='lat' dir='ltr'>interlocuta</span> 
     </span>
    </p>

    <p class='ocr_par' dir='ltr' id='par_1_24' title="bbox 1108 1518 1887 1574">
     <span class='ocr_line' id='line_1_55' title="bbox 1108 1518 1887 1574; baseline -0.003 -13"><span class='ocrx_word' id='word_1_140' title='bbox 1108 1518 1426 1574; x_wconf 88' lang='lat' dir='ltr'>Intempestiuo</span> <span class='ocrx_word' id='word_1_141' title='bbox 1460 1533 1548 1559; x_wconf 88' lang='lat' dir='ltr'>non</span> <span class='ocrx_word' id='word_1_142' title='bbox 1581 1532 1658 1558; x_wconf 88' lang='lat' dir='ltr'>suo</span> <span class='ocrx_word' id='word_1_143' title='bbox 1694 1521 1887 1572; x_wconf 87' lang='lat' dir='ltr'>tempore</span> 
     </span>
    </p>

    <p class='ocr_par' dir='ltr' id='par_1_25' title="bbox 1108 1590 1697 1646">
     <span class='ocr_line' id='line_1_56' title="bbox 1108 1590 1697 1646; baseline -0.007 -12"><span class='ocrx_word' id='word_1_144' title='bbox 1108 1593 1303 1634; x_wconf 84' lang='lat' dir='ltr'>Interrex</span> <span class='ocrx_word' id='word_1_145' title='bbox 1337 1590 1590 1646; x_wconf 80' lang='lat' dir='ltr'>designatus</span> <span class='ocrx_word' id='word_1_146' title='bbox 1624 1605 1697 1631; x_wconf 84' lang='lat' dir='ltr'>rex</span> 
     </span>
    </p>

    <p class='ocr_par' dir='ltr' id='par_1_26' title="bbox 1108 1662 2020 1719">
     <span class='ocr_line' id='line_1_57' title="bbox 1108 1662 2020 1719; baseline -0.01 -13"><span class='ocrx_word' id='word_1_147' title='bbox 1108 1664 1380 1719; x_wconf 82' lang='lat' dir='ltr'>Interpalore</span> <span class='ocrx_word' id='word_1_148' title='bbox 1413 1662 1607 1704; x_wconf 76' lang='lat' dir='ltr'>uaricare</span> <span class='ocrx_word' id='word_1_149' title='bbox 1991 1674 2020 1697; x_wconf 65' lang='grc' dir='ltr'>ιε)</span> 
     </span>
    </p>

    <p class='ocr_par' dir='ltr' id='par_1_27' title="bbox 1107 1721 1966 1923">
     <span class='ocr_line' id='line_1_58' title="bbox 1107 1721 1966 1791; baseline -0.005 -12"><span class='ocrx_word' id='word_1_150' title='bbox 1107 1736 1376 1779; x_wconf 84' lang='lat' dir='ltr'>Intendando</span> <span class='ocrx_word' id='word_1_151' title='bbox 1399 1721 1586 1777; x_wconf 55' lang='lat' dir='ltr'>conto‘da</span> <span class='ocrx_word' id='word_1_152' title='bbox 1598 1732 1632 1791; x_wconf 58' lang='grc' dir='ltr'>ι’)</span> <span class='ocrx_word' id='word_1_153' title='bbox 1654 1734 1839 1776; x_wconf 89' lang='lat' dir='ltr'>intentio</span> <span class='ocrx_word' id='word_1_154' title='bbox 1862 1734 1966 1775; x_wconf 87' lang='lat' dir='ltr'>aim-</span> 
     </span>
     <span class='ocr_line' id='line_1_59' title="bbox 1167 1805 1966 1864; baseline -0.003 -14"><span class='ocrx_word' id='word_1_155' title='bbox 1167 1805 1496 1864; x_wconf 75' lang='lat' dir='ltr'>minandenus3)</span> <span class='ocrx_word' id='word_1_156' title='bbox 1542 1807 1715 1862; x_wconf 85' lang='lat' dir='ltr'>quando</span> <span class='ocrx_word' id='word_1_157' title='bbox 1762 1806 1876 1848; x_wconf 87' lang='lat' dir='ltr'>inter</span> <span class='ocrx_word' id='word_1_158' title='bbox 1922 1821 1966 1848; x_wconf 81' lang='lat' dir='ltr'>se</span> 
     </span>
     <span class='ocr_line' id='line_1_60' title="bbox 1168 1880 1431 1923; baseline -0.008 0"><span class='ocrx_word' id='word_1_159' title='bbox 1168 1880 1431 1923; x_wconf 79' lang='lat' dir='ltr'>obliteratur</span> 
     </span>
    </p>

    <p class='ocr_par' dir='ltr' id='par_1_28' title="bbox 1110 1951 1966 2067">
     <span class='ocr_line' id='line_1_61' title="bbox 1110 1951 1966 2007; baseline -0.004 -12"><span class='ocrx_word' id='word_1_160' title='bbox 1110 1953 1399 1995; x_wconf 87' lang='lat' dir='ltr'>Interlunium</span> <span class='ocrx_word' id='word_1_161' title='bbox 1426 1952 1540 1994; x_wconf 87' lang='lat' dir='ltr'>inter</span> <span class='ocrx_word' id='word_1_162' title='bbox 1566 1951 1708 2007; x_wconf 87' lang='lat' dir='ltr'>prima</span> <span class='ocrx_word' id='word_1_163' title='bbox 1729 1951 1966 2005; x_wconf 49' lang='lat' dir='ltr'>nouissime</span> 
     </span>
     <span class='ocr_line' id='line_1_62' title="bbox 1168 2026 1317 2067; baseline -0.007 0"><span class='ocrx_word' id='word_1_164' title='bbox 1168 2026 1317 2067; x_wconf 87' lang='lat' dir='ltr'>lunam</span> 
     </span>
    </p>

    <p class='ocr_par' dir='ltr' id='par_1_29' title="bbox 1109 2097 1967 2225">
     <span class='ocr_line' id='line_1_63' title="bbox 1109 2097 1967 2152; baseline -0.003 -12"><span class='ocrx_word' id='word_1_165' title='bbox 1109 2097 1374 2140; x_wconf 89' lang='lat' dir='ltr'>Internuntii</span> <span class='ocrx_word' id='word_1_166' title='bbox 1414 2097 1487 2152; x_wconf 88' lang='lat' dir='ltr'>qui</span> <span class='ocrx_word' id='word_1_167' title='bbox 1526 2097 1639 2138; x_wconf 82' lang='lat' dir='ltr'>inter</span> <span class='ocrx_word' id='word_1_168' title='bbox 1678 2098 1825 2152; x_wconf 84' lang='lat' dir='ltr'>partes</span> <span class='ocrx_word' id='word_1_169' title='bbox 1863 2111 1967 2137; x_wconf 90' lang='grc'><strong>111111-</strong></span> 
     </span>
     <span class='ocr_line' id='line_1_64' title="bbox 1170 2171 1495 2225; baseline -0.006 -13"><span class='ocrx_word' id='word_1_170' title='bbox 1170 2171 1281 2212; x_wconf 90' lang='lat' dir='ltr'>tium</span> <span class='ocrx_word' id='word_1_171' title='bbox 1312 2172 1495 2225; x_wconf 86' lang='lat' dir='ltr'>portant</span> 
     </span>
    </p>

    <p class='ocr_par' dir='ltr' id='par_1_30' title="bbox 1110 2240 1750 2297">
     <span class='ocr_line' id='line_1_65' title="bbox 1110 2240 1750 2297; baseline -0.003 -13"><span class='ocrx_word' id='word_1_172' title='bbox 1110 2242 1229 2284; x_wconf 86' lang='lat' dir='ltr'>Inter</span> <span class='ocrx_word' id='word_1_173' title='bbox 1261 2242 1420 2297; x_wconf 81' lang='lat' dir='ltr'>pucula</span> <span class='ocrx_word' id='word_1_174' title='bbox 1452 2242 1567 2283; x_wconf 85' lang='lat' dir='ltr'>inter</span> <span class='ocrx_word' id='word_1_175' title='bbox 1600 2240 1750 2296; x_wconf 71' lang='lat' dir='ltr'>epulas</span> 
     </span>
    </p>

    <p class='ocr_par' dir='ltr' id='par_1_31' title="bbox 1111 2314 2019 2368">
     <span class='ocr_line' id='line_1_66' title="bbox 1111 2314 2019 2368; baseline -0.003 -12"><span class='ocrx_word' id='word_1_176' title='bbox 1111 2314 1335 2356; x_wconf 85' lang='lat' dir='ltr'>Interdum</span> <span class='ocrx_word' id='word_1_177' title='bbox 1368 2314 1619 2368; x_wconf 86' lang='lat' dir='ltr'>frequenter</span> <span class='ocrx_word' id='word_1_178' title='bbox 1986 2323 2019 2347; x_wconf 76' lang='lat'>50</span> 
     </span>
    </p>

    <p class='ocr_par' dir='ltr' id='par_1_32' title="bbox 1110 2386 1536 2428">
     <span class='ocr_line' id='line_1_67' title="bbox 1110 2386 1536 2428; baseline -0.002 0"><span class='ocrx_word' id='word_1_179' title='bbox 1110 2386 1309 2428; x_wconf 87' lang='lat' dir='ltr'>Intonuit</span> <span class='ocrx_word' id='word_1_180' title='bbox 1342 2386 1536 2428; x_wconf 90' lang='lat' dir='ltr'>insonuit</span> 
     </span>
    </p>

    <p class='ocr_par' dir='ltr' id='par_1_33' title="bbox 1111 2458 1464 2501">
     <span class='ocr_line' id='line_1_68' title="bbox 1111 2458 1464 2501; baseline -0.003 0"><span class='ocrx_word' id='word_1_181' title='bbox 1111 2459 1250 2501; x_wconf 89' lang='lat' dir='ltr'>Intrio</span> <span class='ocrx_word' id='word_1_182' title='bbox 1284 2458 1464 2501; x_wconf 89' lang='lat' dir='ltr'>infundo</span> 
     </span>
    </p>
   </div>
   <div class='ocr_carea' id='block_1_9' title="bbox 310 2611 1970 2658">
    <p class='ocr_par' dir='ltr' id='par_1_34' title="bbox 310 2611 1970 2658">
     <span class='ocr_line' id='line_1_69' title="bbox 310 2611 1970 2658; baseline 0.001 -12"><span class='ocrx_word' id='word_1_183' title='bbox 310 2615 344 2657; x_wconf 92' lang='lat'>1)</span> <span class='ocrx_word' id='word_1_184' title='bbox 371 2623 394 2646; x_wconf 88' lang='lat' dir='ltr'>a</span> <span class='ocrx_word' id='word_1_185' title='bbox 417 2624 445 2648; x_wconf 85' lang='lat' dir='ltr'>s.</span> <span class='ocrx_word' id='word_1_186' title='bbox 472 2625 503 2649; x_wconf 85' lang='lat' dir='ltr'>v.</span> <span class='ocrx_word' id='word_1_187' title='bbox 531 2613 615 2648; x_wconf 79' lang='lat' dir='ltr'>add.</span> <span class='ocrx_word' id='word_1_188' title='bbox 642 2624 687 2649; x_wconf 82' lang='lat' dir='ltr'>m.</span> <span class='ocrx_word' id='word_1_189' title='bbox 710 2616 730 2648; x_wconf 90' lang='lat'><strong><em>1</em></strong></span> <span class='ocrx_word' id='word_1_190' title='bbox 749 2614 761 2657; x_wconf 81' lang='grc' dir='ltr'>ΙΙ</span> <span class='ocrx_word' id='word_1_191' title='bbox 782 2615 817 2658; x_wconf 77' lang='lat'>2)</span> <span class='ocrx_word' id='word_1_192' title='bbox 839 2612 862 2646; x_wconf 84' lang='lat' dir='ltr'>d</span> <span class='ocrx_word' id='word_1_193' title='bbox 889 2614 1005 2649; x_wconf 71' lang='lat' dir='ltr'>deleta</span> <span class='ocrx_word' id='word_1_194' title='bbox 1029 2614 1174 2650; x_wconf 71' lang='lat' dir='ltr'>videtur</span> <span class='ocrx_word' id='word_1_195' title='bbox 1199 2626 1244 2649; x_wconf 82' lang='lat' dir='ltr'>m.</span> <span class='ocrx_word' id='word_1_196' title='bbox 1267 2616 1287 2648; x_wconf 88' lang='lat'><strong><em>1</em></strong></span> <span class='ocrx_word' id='word_1_197' title='bbox 1307 2614 1319 2658; x_wconf 76' lang='grc' dir='ltr'>ΙΙ</span> <span class='ocrx_word' id='word_1_198' title='bbox 1340 2615 1375 2658; x_wconf 84' lang='grc'>3)</span> <span class='ocrx_word' id='word_1_199' title='bbox 1402 2612 1439 2647; x_wconf 82' lang='lat' dir='ltr'>ai</span> <span class='ocrx_word' id='word_1_200' title='bbox 1464 2624 1509 2649; x_wconf 69' lang='lat' dir='ltr'>em</span> <span class='ocrx_word' id='word_1_201' title='bbox 1536 2611 1574 2647; x_wconf 90' lang='lat' dir='ltr'>ui</span> <span class='ocrx_word' id='word_1_202' title='bbox 1599 2624 1705 2657; x_wconf 58' lang='lat' dir='ltr'>corr„</span> <span class='ocrx_word' id='word_1_203' title='bbox 1730 2617 1771 2648; x_wconf 75' lang='lat' dir='ltr'>ut</span> <span class='ocrx_word' id='word_1_204' title='bbox 1796 2612 1939 2648; x_wconf 66' lang='lat' dir='ltr'>videtur</span> <span class='ocrx_word' id='word_1_205' title='bbox 1958 2613 1970 2657; x_wconf 64' lang='grc' dir='ltr'>Η</span> 
     </span>
    </p>
   </div>
   <div class='ocr_carea' id='block_1_10' title="bbox 309 2768 1969 2815">
    <p class='ocr_par' dir='ltr' id='par_1_35' title="bbox 309 2768 1969 2815">
     <span class='ocr_line' id='line_1_70' title="bbox 309 2768 1969 2815; baseline 0.001 -12"><span class='ocrx_word' id='word_1_206' title='bbox 309 2773 342 2805; x_wconf 75' lang='lat'>2.</span> <span class='ocrx_word' id='word_1_207' title='bbox 370 2770 528 2804; x_wconf 82' lang='lat' dir='ltr'>renouat</span> <span class='ocrx_word' id='word_1_208' title='bbox 553 2770 602 2804; x_wconf 84' lang='lat' dir='ltr'>cd</span> <span class='ocrx_word' id='word_1_209' title='bbox 630 2771 642 2811; x_wconf 86' lang='grc' dir='ltr'>ΙΙ</span> <span class='ocrx_word' id='word_1_210' title='bbox 681 2773 712 2804; x_wconf 88' lang='grc'><strong>6.</strong></span> <span class='ocrx_word' id='word_1_211' title='bbox 741 2768 933 2814; x_wconf 87' lang='lat' dir='ltr'>superbire</span> <span class='ocrx_word' id='word_1_212' title='bbox 960 2770 1010 2805; x_wconf 85' lang='lat' dir='ltr'>cd</span> <span class='ocrx_word' id='word_1_213' title='bbox 1046 2773 1057 2814; x_wconf 79' lang='lat' dir='ltr'>ss</span> <span class='ocrx_word' id='word_1_214' title='bbox 1097 2773 1127 2804; x_wconf 85' lang='lat'>7.</span> <span class='ocrx_word' id='word_1_215' title='bbox 1155 2769 1318 2804; x_wconf 86' lang='lat' dir='ltr'>nobilior</span> <span class='ocrx_word' id='word_1_216' title='bbox 1344 2770 1454 2806; x_wconf 72' lang='lat' dir='ltr'>abed</span> <span class='ocrx_word' id='word_1_217' title='bbox 1491 2771 1502 2815; x_wconf 93' lang='grc' dir='ltr'>ΙΙ</span> <span class='ocrx_word' id='word_1_218' title='bbox 1540 2774 1570 2806; x_wconf 89' lang='grc'><strong>9.</strong></span> <span class='ocrx_word' id='word_1_219' title='bbox 1600 2768 1825 2803; x_wconf 81' lang='lat' dir='ltr'>Intrinsecus</span> <span class='ocrx_word' id='word_1_220' title='bbox 1852 2770 1933 2804; x_wconf 77' lang='lat' dir='ltr'>aed</span> <span class='ocrx_word' id='word_1_221' title='bbox 1958 2770 1969 2814; x_wconf 46' lang='lat' dir='ltr'>[i</span> 
     </span>
    </p>
   </div>
   <div class='ocr_carea' id='block_1_11' title="bbox 215 2828 1071 2874">
    <p class='ocr_par' dir='ltr' id='par_1_36' title="bbox 215 2828 1071 2874">
     <span class='ocr_line' id='line_1_71' title="bbox 215 2828 1071 2874; baseline 0.001 -11"><span class='ocrx_word' id='word_1_222' title='bbox 215 2833 269 2864; x_wconf 78' lang='lat'>12.</span> <span class='ocrx_word' id='word_1_223' title='bbox 297 2829 499 2874; x_wconf 80' lang='lat' dir='ltr'>reprobata</span> <span class='ocrx_word' id='word_1_224' title='bbox 525 2829 610 2864; x_wconf 78' lang='lat' dir='ltr'>abd</span> <span class='ocrx_word' id='word_1_225' title='bbox 640 2830 652 2873; x_wconf 80' lang='grc' dir='ltr'>ΙΙ</span> <span class='ocrx_word' id='word_1_226' title='bbox 686 2832 739 2864; x_wconf 86' lang='grc'>13.</span> <span class='ocrx_word' id='word_1_227' title='bbox 766 2828 995 2864; x_wconf 82' lang='lat' dir='ltr'>Intercalare</span> <span class='ocrx_word' id='word_1_228' title='bbox 1021 2830 1071 2864; x_wconf 77' lang='lat' dir='ltr'>ab</span> 
     </span>
    </p>
   </div>
   <div class='ocr_carea' id='block_1_12' title="bbox 1109 2827 1967 2875">
    <p class='ocr_par' dir='ltr' id='par_1_37' title="bbox 1109 2827 1967 2875">
     <span class='ocr_line' id='line_1_72' title="bbox 1109 2827 1967 2875; baseline -0.001 -12"><span class='ocrx_word' id='word_1_229' title='bbox 1109 2832 1120 2874; x_wconf 81' lang='grc' dir='ltr'>ΙΙ</span> <span class='ocrx_word' id='word_1_230' title='bbox 1161 2833 1213 2866; x_wconf 84' lang='grc'>15.</span> <span class='ocrx_word' id='word_1_231' title='bbox 1241 2831 1287 2874; x_wconf 79' lang='lat' dir='ltr'>cf.</span> <span class='ocrx_word' id='word_1_232' title='bbox 1316 2834 1338 2865; x_wconf 83' lang='lat'><em>9</em></span> <span class='ocrx_word' id='word_1_233' title='bbox 1369 2832 1380 2875; x_wconf 84' lang='grc'>11</span> <span class='ocrx_word' id='word_1_234' title='bbox 1415 2835 1468 2865; x_wconf 85' lang='grc'>16.</span> <span class='ocrx_word' id='word_1_235' title='bbox 1496 2829 1698 2864; x_wconf 81' lang='lat' dir='ltr'>Intriuerat</span> <span class='ocrx_word' id='word_1_236' title='bbox 1723 2830 1774 2864; x_wconf 80' lang='lat' dir='ltr'>ab</span> <span class='ocrx_word' id='word_1_237' title='bbox 1809 2830 1813 2873; x_wconf 89' lang='grc' dir='ltr'>Ι</span> <span class='ocrx_word' id='word_1_238' title='bbox 1848 2827 1967 2862; x_wconf 86' lang='lat' dir='ltr'>minu—</span> 
     </span>
    </p>
   </div>
   <div class='ocr_carea' id='block_1_13' title="bbox 214 2888 1969 3235">
    <p class='ocr_par' dir='ltr' id='par_1_38' title="bbox 214 2888 1969 3235">
     <span class='ocr_line' id='line_1_73' title="bbox 216 2888 1969 2935; baseline 0 -11"><span class='ocrx_word' id='word_1_239' title='bbox 216 2890 368 2924; x_wconf 81' lang='lat' dir='ltr'>tauerat</span> <span class='ocrx_word' id='word_1_240' title='bbox 393 2891 444 2924; x_wconf 79' lang='lat' dir='ltr'>ab</span> <span class='ocrx_word' id='word_1_241' title='bbox 464 2891 476 2935; x_wconf 84' lang='grc' dir='ltr'>ΙΙ</span> <span class='ocrx_word' id='word_1_242' title='bbox 496 2893 552 2924; x_wconf 76' lang='grc'>20.</span> <span class='ocrx_word' id='word_1_243' title='bbox 579 2888 786 2924; x_wconf 73' lang='lat' dir='ltr'>Inter-nosci</span> <span class='ocrx_word' id='word_1_244' title='bbox 812 2890 890 2924; x_wconf 76' lang='lat' dir='ltr'>abc</span> <span class='ocrx_word' id='word_1_245' title='bbox 913 2892 917 2932; x_wconf 80' lang='grc'><strong>1</strong></span> <span class='ocrx_word' id='word_1_246' title='bbox 941 2889 1116 2934; x_wconf 83' lang='lat' dir='ltr'>cognosci</span> <span class='ocrx_word' id='word_1_247' title='bbox 1142 2891 1223 2925; x_wconf 77' lang='lat' dir='ltr'>abc</span> <span class='ocrx_word' id='word_1_248' title='bbox 1241 2891 1252 2934; x_wconf 78' lang='grc' dir='ltr'>ΙΙ</span> <span class='ocrx_word' id='word_1_249' title='bbox 1273 2894 1328 2925; x_wconf 73' lang='lat'>22.</span> <span class='ocrx_word' id='word_1_250' title='bbox 1350 2889 1599 2935; x_wconf 83' lang='lat' dir='ltr'>Interpolauit</span> <span class='ocrx_word' id='word_1_251' title='bbox 1624 2888 1825 2933; x_wconf 86' lang='lat' dir='ltr'>interrupit</span> <span class='ocrx_word' id='word_1_252' title='bbox 1850 2890 1933 2924; x_wconf 80' lang='lat' dir='ltr'>abd</span> <span class='ocrx_word' id='word_1_253' title='bbox 1957 2888 1969 2934; x_wconf 73' lang='grc'><strong>11</strong></span> 
     </span>
     <span class='ocr_line' id='line_1_74' title="bbox 214 2948 1967 2996; baseline 0 -12"><span class='ocrx_word' id='word_1_254' title='bbox 214 2953 271 2984; x_wconf 80' lang='lat'>25.</span> <span class='ocrx_word' id='word_1_255' title='bbox 299 2948 454 2984; x_wconf 82' lang='lat' dir='ltr'>attoniti</span> <span class='ocrx_word' id='word_1_256' title='bbox 480 2950 531 2985; x_wconf 75' lang='lat' dir='ltr'>ab</span> <span class='ocrx_word' id='word_1_257' title='bbox 574 2950 586 2994; x_wconf 93' lang='grc' dir='ltr'>ΙΙ</span> <span class='ocrx_word' id='word_1_258' title='bbox 629 2953 685 2984; x_wconf 83' lang='grc'><strong>26.</strong></span> <span class='ocrx_word' id='word_1_259' title='bbox 712 2948 878 2984; x_wconf 85' lang='lat' dir='ltr'>initiatio</span> <span class='ocrx_word' id='word_1_260' title='bbox 905 2950 955 2984; x_wconf 79' lang='lat' dir='ltr'>ab</span> <span class='ocrx_word' id='word_1_261' title='bbox 992 2950 1004 2994; x_wconf 83' lang='grc' dir='ltr'>ΙΙ</span> <span class='ocrx_word' id='word_1_262' title='bbox 1042 2953 1097 2985; x_wconf 90' lang='grc'>30.</span> <span class='ocrx_word' id='word_1_263' title='bbox 1124 2950 1332 2985; x_wconf 80' lang='lat' dir='ltr'>Intcrsecta</span> <span class='ocrx_word' id='word_1_264' title='bbox 1358 2952 1409 2986; x_wconf 74' lang='lat' dir='ltr'>ab</span> <span class='ocrx_word' id='word_1_265' title='bbox 1447 2952 1458 2996; x_wconf 85' lang='grc' dir='ltr'>ΙΙ</span> <span class='ocrx_word' id='word_1_266' title='bbox 1496 2954 1552 2985; x_wconf 77' lang='grc'><strong>32.</strong></span> <span class='ocrx_word' id='word_1_267' title='bbox 1578 2948 1823 2994; x_wconf 60' lang='lat' dir='ltr'>intercapedo</span> <span class='ocrx_word' id='word_1_268' title='bbox 1849 2950 1932 2984; x_wconf 72' lang='lat' dir='ltr'>abd</span> <span class='ocrx_word' id='word_1_269' title='bbox 1957 2950 1967 2995; x_wconf 64' lang='lat' dir='ltr'>l}</span> 
     </span>
     <span class='ocr_line' id='line_1_75' title="bbox 214 3008 1969 3056; baseline 0 -14"><span class='ocrx_word' id='word_1_270' title='bbox 214 3014 271 3045; x_wconf 85' lang='grc'><strong>33.</strong></span> <span class='ocrx_word' id='word_1_271' title='bbox 300 3009 370 3044; x_wconf 86' lang='lat' dir='ltr'>fide</span> <span class='ocrx_word' id='word_1_272' title='bbox 396 3010 480 3045; x_wconf 81' lang='lat' dir='ltr'>abd</span> <span class='ocrx_word' id='word_1_273' title='bbox 499 3011 510 3055; x_wconf 87' lang='grc' dir='ltr'>ΙΙ</span> <span class='ocrx_word' id='word_1_274' title='bbox 531 3013 585 3044; x_wconf 86' lang='lat'>34.</span> <span class='ocrx_word' id='word_1_275' title='bbox 614 3009 763 3053; x_wconf 84' lang='lat' dir='ltr'>Integer</span> <span class='ocrx_word' id='word_1_276' title='bbox 789 3010 866 3045; x_wconf 78' lang='lat' dir='ltr'>abc</span> <span class='ocrx_word' id='word_1_277' title='bbox 884 3010 896 3054; x_wconf 88' lang='grc' dir='ltr'>ΙΙ</span> <span class='ocrx_word' id='word_1_278' title='bbox 917 3011 971 3044; x_wconf 84' lang='grc'><strong>35.</strong></span> <span class='ocrx_word' id='word_1_279' title='bbox 1000 3008 1232 3054; x_wconf 87' lang='lat' dir='ltr'>interloquor</span> <span class='ocrx_word' id='word_1_280' title='bbox 1257 3011 1308 3045; x_wconf 79' lang='lat' dir='ltr'>ab</span> <span class='ocrx_word' id='word_1_281' title='bbox 1329 3012 1339 3056; x_wconf 79' lang='grc' dir='ltr'>ΙΙ</span> <span class='ocrx_word' id='word_1_282' title='bbox 1359 3013 1415 3045; x_wconf 85' lang='grc'><strong>37.</strong></span> <span class='ocrx_word' id='word_1_283' title='bbox 1443 3022 1508 3045; x_wconf 83' lang='lat' dir='ltr'>om.</span> <span class='ocrx_word' id='word_1_284' title='bbox 1537 3010 1645 3045; x_wconf 64' lang='lat' dir='ltr'>(obed</span> <span class='ocrx_word' id='word_1_285' title='bbox 1665 3011 1675 3053; x_wconf 90' lang='grc' dir='ltr'>ΙΙ</span> <span class='ocrx_word' id='word_1_286' title='bbox 1696 3013 1750 3044; x_wconf 88' lang='grc'><strong>38.</strong></span> <span class='ocrx_word' id='word_1_287' title='bbox 1778 3008 1969 3044; x_wconf 82' lang='lat' dir='ltr'>minantur</span> 
     </span>
     <span class='ocr_line' id='line_1_76' title="bbox 215 3068 1969 3114; baseline -0.001 -10"><span class='ocrx_word' id='word_1_288' title='bbox 215 3070 266 3104; x_wconf 83' lang='lat' dir='ltr'>ab</span> <span class='ocrx_word' id='word_1_289' title='bbox 309 3071 321 3114; x_wconf 88' lang='grc' dir='ltr'>ΙΙ</span> <span class='ocrx_word' id='word_1_290' title='bbox 365 3073 422 3104; x_wconf 85' lang='grc'><strong>39.</strong></span> <span class='ocrx_word' id='word_1_291' title='bbox 448 3080 515 3104; x_wconf 86' lang='lat' dir='ltr'>om.</span> <span class='ocrx_word' id='word_1_292' title='bbox 543 3069 652 3104; x_wconf 78' lang='lat' dir='ltr'>abed</span> <span class='ocrx_word' id='word_1_293' title='bbox 694 3071 706 3114; x_wconf 78' lang='grc' dir='ltr'>ΙΙ</span> <span class='ocrx_word' id='word_1_294' title='bbox 749 3073 805 3104; x_wconf 87' lang='lat'>40.</span> <span class='ocrx_word' id='word_1_295' title='bbox 833 3068 931 3104; x_wconf 87' lang='lat' dir='ltr'>inter</span> <span class='ocrx_word' id='word_1_296' title='bbox 956 3068 1108 3114; x_wconf 84' lang='lat' dir='ltr'>nuptias</span> <span class='ocrx_word' id='word_1_297' title='bbox 1135 3069 1284 3105; x_wconf 85' lang='lat' dir='ltr'>obiecta</span> <span class='ocrx_word' id='word_1_298' title='bbox 1318 3069 1517 3105; x_wconf 77' lang='lat' dir='ltr'>mediatrix</span> <span class='ocrx_word' id='word_1_299' title='bbox 1543 3071 1606 3105; x_wconf 85' lang='lat' dir='ltr'>ab.</span> <span class='ocrx_word' id='word_1_300' title='bbox 1657 3068 1795 3103; x_wconf 86' lang='lat' dir='ltr'>nuncia</span> <span class='ocrx_word' id='word_1_301' title='bbox 1821 3068 1969 3104; x_wconf 85' lang='lat' dir='ltr'>obiecta</span> 
     </span>
     <span class='ocr_line' id='line_1_77' title="bbox 215 3127 1932 3174; baseline 0.001 -12"><span class='ocrx_word' id='word_1_302' title='bbox 215 3127 417 3163; x_wconf 79' lang='lat' dir='ltr'>mediatrix</span> <span class='ocrx_word' id='word_1_303' title='bbox 442 3129 466 3164; x_wconf 84' lang='lat' dir='ltr'>d</span> <span class='ocrx_word' id='word_1_304' title='bbox 496 3129 508 3173; x_wconf 88' lang='grc' dir='ltr'>ΙΙ</span> <span class='ocrx_word' id='word_1_305' title='bbox 540 3132 595 3164; x_wconf 87' lang='lat'>41.</span> <span class='ocrx_word' id='word_1_306' title='bbox 622 3130 753 3163; x_wconf 88' lang='lat' dir='ltr'>notum</span> <span class='ocrx_word' id='word_1_307' title='bbox 784 3130 809 3165; x_wconf 87' lang='lat' dir='ltr'>d</span> <span class='ocrx_word' id='word_1_308' title='bbox 840 3130 851 3174; x_wconf 91' lang='grc' dir='ltr'>ΙΙ</span> <span class='ocrx_word' id='word_1_309' title='bbox 883 3133 940 3163; x_wconf 87' lang='grc'><strong>43.</strong></span> <span class='ocrx_word' id='word_1_310' title='bbox 967 3140 1034 3164; x_wconf 84' lang='lat' dir='ltr'>om.</span> <span class='ocrx_word' id='word_1_311' title='bbox 1061 3130 1170 3165; x_wconf 78' lang='lat' dir='ltr'>abed</span> <span class='ocrx_word' id='word_1_312' title='bbox 1201 3130 1212 3174; x_wconf 85' lang='grc' dir='ltr'>ΙΙ</span> <span class='ocrx_word' id='word_1_313' title='bbox 1243 3133 1299 3165; x_wconf 85' lang='lat'>45.</span> <span class='ocrx_word' id='word_1_314' title='bbox 1326 3129 1557 3174; x_wconf 86' lang='lat' dir='ltr'>Interpolare</span> <span class='ocrx_word' id='word_1_315' title='bbox 1583 3130 1634 3164; x_wconf 80' lang='lat' dir='ltr'>ab</span> <span class='ocrx_word' id='word_1_316' title='bbox 1668 3128 1674 3174; x_wconf 83' lang='lat'>1</span> <span class='ocrx_word' id='word_1_317' title='bbox 1708 3127 1855 3162; x_wconf 81' lang='lat' dir='ltr'>uariare</span> <span class='ocrx_word' id='word_1_318' title='bbox 1881 3129 1932 3164; x_wconf 79' lang='lat' dir='ltr'>ab</span> 
     </span>
     <span class='ocr_line' id='line_1_78' title="bbox 216 3187 1766 3235; baseline 0.001 -13"><span class='ocrx_word' id='word_1_319' title='bbox 216 3191 273 3223; x_wconf 84' lang='lat'>46.</span> <span class='ocrx_word' id='word_1_320' title='bbox 300 3200 366 3225; x_wconf 83' lang='lat' dir='ltr'>om.</span> <span class='ocrx_word' id='word_1_321' title='bbox 394 3189 503 3225; x_wconf 77' lang='lat' dir='ltr'>abed</span> <span class='ocrx_word' id='word_1_322' title='bbox 522 3190 534 3234; x_wconf 76' lang='lat' dir='ltr'>ss</span> <span class='ocrx_word' id='word_1_323' title='bbox 553 3191 609 3222; x_wconf 80' lang='lat'>47.</span> <span class='ocrx_word' id='word_1_324' title='bbox 637 3187 798 3234; x_wconf 82' lang='lat' dir='ltr'>primam</span> <span class='ocrx_word' id='word_1_325' title='bbox 825 3190 863 3224; x_wconf 89' lang='lat' dir='ltr'>et</span> <span class='ocrx_word' id='word_1_326' title='bbox 886 3187 1132 3224; x_wconf 76' lang='lat' dir='ltr'>nouissimam</span> <span class='ocrx_word' id='word_1_327' title='bbox 1158 3189 1287 3225; x_wconf 88' lang='lat' dir='ltr'>lunam</span> <span class='ocrx_word' id='word_1_328' title='bbox 1313 3191 1390 3228; x_wconf 82' lang='lat' dir='ltr'>abc</span> <span class='ocrx_word' id='word_1_329' title='bbox 1409 3191 1420 3235; x_wconf 74' lang='lat' dir='ltr'>l!</span> <span class='ocrx_word' id='word_1_330' title='bbox 1439 3192 1495 3226; x_wconf 81' lang='lat'>49.</span> <span class='ocrx_word' id='word_1_331' title='bbox 1522 3188 1658 3234; x_wconf 81' lang='lat' dir='ltr'>pocula</span> <span class='ocrx_word' id='word_1_332' title='bbox 1684 3189 1735 3224; x_wconf 78' lang='lat' dir='ltr'>ab</span> <span class='ocrx_word' id='word_1_333' title='bbox 1753 3189 1766 3235; x_wconf 84' lang='grc' dir='ltr'>ΙΙ</span> 
     </span>
    </p>
   </div>
  </div>
 </body>
</html>
