2170 3522
809 153 1022 189 GLOSSAE
1051 154 1111 189 AF
1114 154 1265 189 FATIM

163 265 426 322 Subpeditat
453 265 691 308 auxiliatur
716 266 786 308 uel
809 265 1020 308 submini-

223 341 337 381 strat

164 411 355 467 Sprenco
388 410 630 453 nouissimo
665 413 740 452 aut
773 425 944 453 summo

164 483 456 539 Subprcmum
489 482 709 525 excelsum

164 555 356 612 Supplex
390 555 538 598 omnia
569 555 776 598 utensilia
808 556 962 598 domus

126 649 143 675 5
164 627 362 684 Superba
394 627 585 671 crudelia

163 700 388 757 Supplicia
418 715 582 757 poenas

163 773 458 830 Suppraestiti
491 773 583 815 uiui
615 773 695 815 filii

163 845 421 902 Supraestes
455 846 767 902 superueniens
801 848 877 888 aut
906 845 1022 888 filius

163 919 502 975 Suppellectilae
534 918 741 961 utensilia

109 1011 141 1035 10
163 991 392 1048 Supplicat
423 994 552 1048 rogat

161 1063 493 1122 Suprauaecuus
526 1079 616 1107 non
647 1065 920 1107 necessarius

162 1137 350 1194 Superat
381 1140 520 1180 restat
554 1140 629 1180 aut
662 1137 800 1180 uincit

161 1209 409 1267 Suprasunt
441 1213 611 1254 restant

162 1282 397 1340 Superaria
433 1284 568 1326 uestis
607 1299 688 1340 que
722 1299 852 1340 super
887 1284 1023 1326 indui-

221 1359 294 1398 tur

111 1446 142 1472 15
164 1428 407 1472 Succensus
441 1429 641 1485 culpatus

163 1501 395 1545 Succendit
427 1503 621 1545 detrahit
654 1506 729 1545 aut
762 1503 911 1559 culpat

162 1574 428 1618 Succensens
461 1575 655 1618 irascens

163 1646 390 1691 Succensit
421 1648 627 1691 irascitur

108 1737 140 1763 19
163 1719 357 1776 Suspicit
414 1724 648 1764 ueneratur
709 1725 784 1765 aut
849 1737 1023 1765 sursum

223 1793 382 1849 aspicit

74 1879 137 1911 50¹
164 1864 412 1922 Suspicitur
444 1868 629 1924 suspicit
662 1871 738 1910 aut
771 1870 1003 1910 ueneratur

163 1937 449 1996 Suspiciendo
484 1956 657 1983 sursum
691 1941 941 1997 aspiciendo

163 2010 398 2069 Suspicitis
448 2014 667 2057 ueneratis
713 2014 804 2057 siue
850 2030 1023 2057 sursum

223 2085 420 2142 aspicitis

163 2156 374 2214 Suspensi
407 2159 588 2202 solliciti
623 2160 815 2216 suspecti

164 2229 386 2286 Suspensu
437 2232 677 2276 sollicitum
730 2233 800 2276 uel
852 2248 1024 2290 suspec-

221 2305 318 2345 tum

109 2392 143 2419 25
165 2375 429 2432 Suspectant
462 2378 682 2434 aspiciunt

165 2447 465 2505 Suspicienter
496 2451 808 2494 uenerabiliter

164 2520 385 2578 Suspensa
418 2523 610 2567 sollicita

165 2592 374 2650 Suspensi
410 2596 566 2640 dubiae
600 2597 848 2654 cogitantes
881 2601 925 2640 et
957 2598 1025 2640 de-

222 2667 461 2711 liberantes

165 2740 455 2797 Suspendium
489 2757 749 2798 suspensum

1832 153 1915 195 571

1063 264 1320 307 Sustentata
1353 265 1558 307 tollerata
1940 276 1975 300 30

1063 336 1226 380 Scubet
1258 338 1460 380 uentulat

1063 409 1255 465 Scrupea
1287 425 1392 452 saxa
1422 410 1551 467 nigra
1582 409 1653 452 uel
1687 409 1836 466 glarea

1063 482 1255 538 Scrupea
1288 498 1391 525 saxa
1424 497 1662 525 eauernosa

1063 554 1153 598 Sub
1186 570 1293 611 rupe
1327 570 1433 598 caua
1466 555 1547 597 sub
1582 554 1789 611 spelunca

1063 627 1227 684 Spuma
1259 643 1391 683 poma
1940 638 1974 661 :35

1064 700 1325 756 Spumantes
1363 700 1633 743 concitantes

1064 772 1364 829 Suspectiores
1399 771 1641 814 solliciores

1063 846 1312 889 Subsicium
1346 845 1614 900 subsequens

1063 918 1221 962 Subdit
1254 917 1463 973 subponit

1063 991 1255 1047 Scrupus
1287 990 1484 1046 lapidum
1517 989 1784 1032 minutorum
1942 1000 1976 1025 40

1064 1064 1279 1120 Scrupun]
1312 1063 1438 1120 uirga
1470 1062 1630 1119 regalis

1063 1136 1274 1193 Stuprum
1307 1135 1563 1192 corruptilla

1063 1209 1317 1265 Subperbus
1352 1223 1563 1265 arrogans

1064 1282 1348 1325 Submersum
1381 1284 1586 1323 necatum

1064 1355 1260 1411 Succipit
1293 1354 1477 1410 suscipit
1943 1363 1977 1387 45

1064 1428 1236 1472 Stultus
1270 1442 1418 1470 socors

1064 1501 1334 1545 Subnectens
1368 1499 1595 1557 subligans

1064 1573 1360 1631 Super-eminit
1393 1573 1567 1616 excellit

1064 1647 1252 1691 Susurro
1286 1646 1525 1690 sineciosus
1559 1643 1769 1700 bilinguis

1064 1720 1285 1778 Subrogat
1337 1720 1417 1762 sub
1470 1718 1650 1761 alterius
1702 1717 1921 1772 potestate
1943 1726 1977 1751 50

1121 1797 1251 1851 rogat

1064 1868 1227 1911 Studus
1260 1867 1438 1910 bellista
1470 1863 1693 1922 pugnandi

1064 1940 1289 1984 Subsicius
1323 1939 1464 1981 malus
1498 1937 1714 1992 interpres

1064 2013 1309 2058 Summusit
1342 2011 1562 2068 conpletio

1064 2086 1223 2130 Scurra
1274 2086 1398 2142 quasi
1450 2083 1669 2140 parasitus
1721 2080 1922 2137 puplicus

1124 2160 1197 2216 qui
1229 2175 1318 2203 non
1351 2158 1512 2202 desinit
1544 2171 1698 2200 caenas
1725 2153 1922 2210 puplicas

1065 2233 1271 2276 Scurrola
1302 2232 1504 2288 puplicus
1535 2230 1738 2286 iupostor
1944 2236 1978 2261 55

1066 2305 1232 2362 Spurus
1285 2304 1359 2361 qui
1409 2319 1460 2347 ex
1517 2305 1641 2359 patre
1692 2299 1830 2343 nobili
1881 2301 1925 2341 et

1124 2382 1262 2422 matre

1065 2451 1286 2508 Spurcitia
1318 2449 1584 2493 inmunditia

1065 2524 1276 2581 Stupruln
1308 2523 1590 2580 uirginitates

1065 2597 1221 2641 Studia
1253 2598 1297 2639 in
1330 2595 1551 2640 contraria

1065 2670 1223 2726 Stupet
1256 2669 1441 2712 miratur
1944 2674 1979 2698 ⁴³0

1066 2742 1326 2799 Stuperatus
1361 2740 1633 2797 stupefactus

259 2937 291 2969 2.
320 2934 501 2980 Supremo
529 2935 549 2970 b
569 2935 580 2980 Η
602 2937 634 2970 3.
662 2934 890 2980 Supremum·
913 2936 933 2971 b
952 2937 964 2980 Η
983 2938 1016 2971 4.
1045 2934 1249 2981 Suppellex
1275 2935 1295 2970 b
1314 2936 1326 2980 Η
1347 2937 1378 2968 7.
1407 2930 1610 2977 Superstiti
1636 2932 1656 2966 b
1675 2931 1687 2975 Η
1711 2933 1762 2964 11.
1791 2929 1924 2974 Super-

184 2995 305 3030 Uafflis
332 2995 353 3030 b
384 2997 396 3040 Η
430 2998 484 3030 13.
515 2994 722 3039 Supersunt
748 2995 768 3031 b
800 2996 812 3040 ΙΙ
846 2999 900 3030 16.
928 2993 1124 3030 Succensit
1149 2996 1170 3031 b
1201 2997 1212 3040 Η
1245 2999 1300 3031 34.
1328 3006 1395 3030 om.
1422 2994 1442 3029 b
1473 2994 1485 3038 Η
1517 2996 1574 3028 37.
1603 2989 1841 3026 sollicitiores
1867 2990 1887 3024 b
1913 2988 1924 3034 Η

185 3050 242 3082 40·
264 3046 404 3101 S*iprus
425 3057 476 3091 ab
496 3056 508 3100 Η
528 3059 583 3091 41.
607 3055 790 3101 Scuprum
811 3056 862 3091 ab
882 3057 894 3100 Η
913 3059 970 3090 42.
992 3055 1222 3100 corruptella
1242 3068 1265 3090 a
1284 3056 1295 3100 Η
1315 3058 1371 3090 43.
1394 3051 1584 3098 Superbus
1604 3052 1656 3087 ab
1677 3052 1689 3096 Η
1708 3053 1764 3085 48.
1787 3049 1924 3094 Super—

187 3104 382 3166 eminfflbss
403 3119 457 3151 51.
487 3114 630 3151 Studiis
656 3114 813 3150 ballista
839 3117 859 3151 b
880 3116 967 3160 1153.
996 3114 1211 3150 Submusim
1238 3116 1269 3151 b.
1310 3112 1517 3150 Summusit
1542 3125 1566 3148 a
1584 3113 1595 3158 Η
1616 3115 1671 3147 54.
1700 3109 1840 3145 deserit
1867 3110 1887 3145 b
1920 3141 1921 3153 ¹

189 3169 245 3203 55·
273 3164 425 3211 scu'ula
451 3177 471 3212 b
490 3178 502 3222 Η
522 3179 578 3212 56.
600 3177 720 3212 matre
746 3175 873 3212 nobile
900 3177 938 3211 et
962 3177 1071 3222 patre
1098 3175 1225 3212 infimo
1251 3175 1419 3212 nascitur
1446 3175 1465 3211 b
1485 3174 1496 3220 11
1517 3177 1572 3209 61.
1596 3171 1821 3220 Stuporatus
1841 3170 1892 3206 ab
1912 3169 1924 3216 Η
