2170 3522
24 826 113 856 119u

89 1116 120 1140 10

91 1617 123 1643 15

612 206 824 244 GLOSSAE
851 207 1034 243 CODICIS
1059 208 1294 244 VATICANI
1320 212 1410 243 3321
1797 208 1880 249 145

137 317 325 359 Plausile
358 320 401 359 et
432 317 662 372 plausibile
695 333 829 359 unum
861 320 928 360 est
1028 318 1182 360 Poeria
1216 321 1346 373 poeta
1376 309 1551 359 femina*

137 388 328 431 Plautris
362 389 477 443 quod
509 390 559 430 de
591 389 788 443 plaustro
822 391 949 431 sonat
1028 389 1179 431 Potius
1214 390 1368 431 melius

137 459 328 516 Plangor
359 460 662 516 plangentium
693 476 778 502 uox
1029 461 1178 502 Poesis
1218 461 1401 503 materia
1432 461 1568 503 totius
1601 460 1803 502 carminis
1837 460 1882 500 in
1902 471 1936 495 25

136 532 345 573 Platanus
379 546 514 587 genus
548 535 614 573 est
644 532 811 574 arboris
1091 548 1175 587 qua
1207 536 1337 587 poeta
1368 536 1568 574 uersatur

137 604 396 645 Plantaneto
429 603 503 645 ubi
531 606 631 644 sunt
657 604 792 645 multe
814 604 990 645 arbores
1029 603 1231 646 Poeticus
1265 605 1469 646 subaudis
1496 605 1607 646 liber
1633 605 1702 647 uel
1730 607 1881 646 cantus

195 676 390 730 plantate
1029 676 1242 717 Poenates
1275 676 1334 717 dii
1367 676 1491 730 quasi
1523 677 1749 718 domestici

140 747 378 800 [Placidam
394 747 583 802 quietem
599 762 799 788 ramnum
814 746 990 788 mollem
1029 747 1376 789 Poenecentarus
1410 747 1503 788 abis
1538 747 1612 801 qui
1644 762 1882 802 purpureas

139 818 343 860 Placatus
375 818 591 874 propitius
624 819 694 860 uel
726 818 990 873 propitiatus
1088 834 1251 874 pennas
1283 819 1416 860 habet

138 890 341 932 Plaustra
371 906 493 932 carra
1030 890 1182 932 Potius
1216 891 1369 932 melius

138 962 334 1003 Plemina
361 977 457 1004 cum
484 962 529 1003 in
556 961 754 1003 manibus
781 961 851 1002 uel
878 959 992 1015 pedi·
1030 962 1191 1004 Poema
1230 977 1403 1004 carmen
1445 966 1511 1004 est
1550 962 1719 1016 quando
1758 964 1885 1016 poete
1906 974 1940 998 30

199 1033 279 1075 bus
313 1033 462 1076 callosi
496 1034 605 1075 sulci
637 1037 739 1075 sunt
1095 1034 1428 1076 conscribuntur

140 1105 373 1147 Plumbum
401 1106 445 1147 in
466 1106 602 1148 oculis
624 1104 782 1148 coloris
802 1105 995 1159 plumbei
1033 1105 1205 1148 Potitus
1239 1109 1495 1148 consecutus

141 1176 340 1219 Plustula
371 1178 496 1232 plura
1033 1177 1206 1220 Potitus
1240 1178 1398 1219 fruitur
1429 1178 1499 1219 uel
1533 1177 1722 1232 adquirit

140 1248 376 1304 Plerosque
403 1251 565 1292 multos
1036 1249 1225 1301 [Potitus
1257 1249 1416 1291 fruitur
1448 1250 1517 1291 uel
1550 1249 1740 1303 adquirit
1913 1255 1995 1286 120r

140 1319 285 1362 Plutei
326 1322 500 1376 proprie
546 1324 691 1377 grates
737 1321 854 1364 corio
901 1335 996 1362 con·
1034 1321 1222 1377 Porgere
1255 1321 1475 1377 porrigere

200 1395 313 1434 tecte
343 1408 423 1448 que
450 1393 496 1434 in
523 1408 650 1448 opere
676 1393 872 1435 faciendo
895 1392 997 1434 osti-
1034 1393 1275 1448 Populatus
1302 1393 1528 1448 praedauit
1554 1393 1621 1434 uel
1645 1391 1891 1433 debastauit
1910 1404 1943 1428 35

200 1464 281 1505 bus
315 1464 590 1506 subiciuntur
1035 1465 1266 1520 Populatio
1301 1465 1545 1507 (lebastatio

140 1534 368 1577 Pleturum
400 1536 720 1590 percussorium
753 1536 943 1578 citharae
1034 1536 1289 1579 Potiebatur
1320 1537 1548 1579 fruebatur

143 1606 300 1649 Plexus
333 1622 562 1662 percussus
1035 1608 1133 1650 Poli
1167 1610 1274 1651 caeli

144 1678 365 1721 Plectrum
399 1695 483 1734 quo
517 1680 643 1722 corde
676 1683 919 1736 tanguntur
1038 1680 1243 1722 Porrecta
1275 1684 1453 1723 extensa

145 1750 327 1792 Plodere
360 1755 629 1806 repercutere
1038 1752 1293 1794 Porrectum
1326 1754 1569 1805 extensum]
1912 1764 1946 1787 ⁴0

145 1822 397 1864 Plaustrum
427 1824 676 1866 uehiculum
1037 1823 1192 1865 Polum
1225 1824 1391 1866 caelum
1424 1825 1492 1866 uel
1526 1823 1663 1866 infera

146 1894 488 1951 Pliadesstellel)
528 1896 797 1951 aputoplisto
828 1896 940 1938 idest
976 1911 1000 1937 a
1037 1895 1145 1938 Polo
1180 1897 1297 1939 caelo

205 1967 458 2021 pluralitate
492 1968 632 2009 dictae
666 1970 766 2009 sunt
1039 1968 1172 2010 Polus
1206 1968 1323 2010 orbis

93 2048 108 2071 2
148 2038 266 2080 Pluit
296 2039 425 2093 pollit
458 2039 527 2080 uel
560 2038 673 2095 uigit
701 2042 775 2080 aut
806 2040 971 2094 pluere]
1041 2040 1216 2082 Pollens
1248 2042 1402 2095 potens
1434 2040 1503 2081 uel
1535 2039 1789 2081 habundans

265 2110 329 2152 De
362 2126 389 2165 p
424 2113 466 2152 et
500 2126 523 2152 o
1043 2111 1185 2153 Pollet
1230 2112 1401 2153 excellit
1445 2112 1515 2154 uel
1559 2111 1768 2166 prefulgit
1819 2114 1948 2151 antas»

147 2179 357 2223 Poculum
384 2181 496 2224 calix
523 2183 592 2224 uel
626 2182 757 2224 scifus
781 2184 847 2225 uel
879 2198 1003 2225 omne
1100 2183 1221 2239 uiget

207 2268 284 2294 uas
323 2252 370 2295 in
402 2268 486 2308 quo
523 2254 697 2296 bibendi
730 2258 797 2297 est
831 2270 1004 2298 consue·
1041 2254 1207 2296 Pol'luit
1239 2254 1484 2309 inquinauit

209 2323 357 2381 tud02)
1042 2327 1234 2369 Pollutio
1267 2326 1510 2382 inquinatio

247 2468 279 2512 1)
299 2468 463 2512 priorem
489 2479 505 2502 s
532 2468 616 2504 add.
642 2479 669 2504 s.
695 2480 728 2504 v.
753 2480 799 2503 m.
824 2470 934 2514 2112)
962 2479 981 2504 e
1006 2470 1092 2506 add.
1117 2482 1163 2506 m.
1189 2481 1216 2505 s.
1244 2469 1326 2505 XV
1340 2471 1352 2515 ll

247 2604 277 2635 1.
296 2599 465 2634 Plausise
480 2611 503 2634 (ι
521 2601 522 2644 ἦ
541 2599 851 2644 ecplusibilenum
872 2602 959 2635 estc
998 2604 1030 2636 2.
1052 2599 1234 2634 Plaustrit
1248 2601 1307 2636 ccl.
1335 2600 1498 2635 Plautrit
1512 2613 1534 2635 ιι
1572 2605 1604 2635 4.
1627 2602 1683 2634 est
1703 2612 1768 2635 om.
1792 2601 1874 2635 aed
1893 2634 1895 2643 ,

151 2659 323 2694 arborum
349 2671 368 2695 c
386 2662 398 2706 11
419 2665 449 2694 5.
476 2659 673 2694 Plataneto
700 2661 780 2695 ccccl
803 2663 806 2705 Ι
831 2659 894 2693 ubi
921 2661 1008 2694 sunt
1033 2671 1098 2695 om.
1125 2672 1149 2694 a
1192 2659 1302 2694 multi
1329 2672 1396 2705 ac¹
1420 2660 1569 2694 arbores
1596 2672 1663 2695 om.
1691 2673 1713 2695 ιι
1731 2660 1734 2705 Ι
1751 2659 1897 2704 platani

150 2731 184 2754 α.
223 2719 404 2764 plantano
431 2721 478 2763 611
503 2723 554 2754 11.
582 2719 754 2754 Pluscola
780 2732 803 2754 α
822 2722 833 2764 ΙΙ
855 2724 908 2754 13.
937 2720 1058 2754 crates
1085 2731 1108 2754 (ι
1131 2720 1135 2766 Ι
1158 2719 1330 2754 hostibus
1357 2719 1571 2754 obiciuntur
1597 2732 1619 2754 (ι
1639 2722 1650 2764 ΙΙ
1672 2724 1725 2754 14.
1752 2719 1897 2753 Plectu—

150 2790 232 2812 rum
245 2791 269 2813 a
291 2782 296 2824 1
319 2779 472 2823 cythare
486 2791 510 2814 a
529 2781 539 2824 ΙΙ
561 2782 709 2814 17—18.
725 2781 834 2815 etiam
848 2781 888 2814 in
902 2780 952 2815 ccl
964 2784 1051 2815 sunt
1066 2779 1237 2823 (Clodere
1252 2785 1284 2816 et
1298 2780 1504 2814 claustrum
1517 2783 1551 2817 c)
1572 2782 1583 2824 11
1607 2783 1753 2814 19-20,
1770 2790 1834 2813 om.
1851 2791 1890 2820 a„

152 2842 207 2873 21.
235 2849 302 2874 om.
329 2840 409 2874 aed
439 2841 451 2883 11
482 2842 538 2874 22.
567 2838 726 2883 scyphus
753 2852 786 2875 α.
829 2838 967 2884 scipfus
995 2851 1013 2874 c
1036 2843 1039 2882 Ι
1063 2850 1210 2873 omnem
1236 2851 1259 2874 a
1294 2843 1297 2883 1
1332 2838 1487 2873 uiuendi
1512 2851 1535 2874 α
1565 2841 1576 2883 ΙΙ
1608 2843 1664 2888 24.
1691 2850 1756 2874 om.
1784 2839 1865 2873 aed
1889 2845 1899 2868 Α

152 2901 208 2932 25.
231 2908 303 2942 quo
323 2909 341 2933 c
364 2901 368 2942 Ι
390 2899 588 2932 uersautur
607 2909 626 2933 c
644 2901 655 2942 ΙΙ
675 2903 731 2934 27.
752 2898 948 2933 Poemates
970 2910 993 2932 a
1011 2898 1023 2944 Η
1043 2901 1099 2933 28.
1120 2897 1443 2933 Poenecentaurus
1458 2910 1490 2933 α.
1519 2897 1832 2932 Poenicentaurus
1853 2909 1871 2933 e
1894 2910 1897 2944 ι

155 2956 236 2991 auis
262 2969 295 2992 a.
336 2957 382 2992 ab
409 2957 468 2991 his
494 2969 512 2992 c
540 2959 544 3003 1
575 2957 639 3001 qui
665 2957 773 3002 quasi
799 2959 881 2994 aed
915 2960 920 3002 1
954 2956 1087 3002 pinnas
1114 2970 1137 2993 a
1166 2961 1170 3002 1
1199 2958 1342 2992 habent
1367 2969 1385 2993 c
1410 2975 1412 3004 g
1447 2962 1503 2994 29.
1530 2969 1595 2993 om.
1623 2959 1671 2993 ed
1704 2958 1706 3004 j
1733 2962 1789 2993 30.
1816 2968 1901 2991 con-

155 3015 322 3051 scribunt
347 3018 430 3052 aed
456 3032 467 3061 <l
492 3020 548 3051 31.
575 3028 642 3052 om.
668 3019 718 3053 cd
743 3018 754 3063 {l
780 3022 836 3053 32.
864 3029 929 3053 om.
958 3018 982 3052 cl
1011 3019 1013 3063 Ι
1042 3017 1105 3052 uel
1131 3016 1298 3062 adquirit
1323 3029 1389 3053 om.
1411 3020 1459 3063 0ss
1479 3022 1535 3053 33.
1561 3029 1627 3053 om.
1648 3030 1672 3052 a
1690 3019 1702 3062 Η
1722 3022 1778 3053 35.
1793 3029 1901 3063 prae-

154 3076 247 3110 cedit
272 3077 313 3110 in
339 3088 379 3111 a:
405 3076 542 3110 Poema
568 3087 716 3111 carmen
745 3079 749 3122 Ι
778 3075 996 3111 deuastauit
1020 3089 1044 3111 α
1067 3079 1079 3122 ΙΙ
1105 3081 1162 3112 36.
1188 3076 1402 3112 deuastatio
1430 3090 1452 3112 a
1477 3079 1488 3122 ΙΙ
1514 3081 1569 3111 41.
1597 3076 1698 3120 spira
1723 3088 1756 3112 a.
1794 3088 1903 3121 spera

155 3136 204 3170 cd
223 3138 235 3181 u
253 3139 311 3170 43.
337 3137 499 3180 sequitur
523 3137 565 3170 in
589 3147 625 3171 c:
651 3135 828 3171 Potiundi
854 3135 1069 3181 perfruendi
1087 3137 1098 3179 ΙΙ
1119 3140 1175 3171 44.
1196 3135 1257 3170 uel
1277 3148 1342 3172 om.
1364 3138 1444 3172 aed
1466 3137 1470 3183 Ι
1493 3136 1715 3170 habundans
1735 3149 1800 3172 om.
1823 3138 1872 3172 cd

155 3198 211 3230 45.
240 3205 289 3228 an
314 3195 420 3239 uiget
445 3207 477 3230 α.
518 3206 584 3230 om.
611 3196 660 3230 cd
679 3198 690 3241 Η
710 3200 766 3231 46.
793 3195 968 3240 inquinat
993 3207 1017 3230 a
1035 3196 1047 3240 ll
1066 3200 1124 3230 47.
1151 3195 1298 3231 Polluto
1324 3195 1520 3240 inquinato
1546 3198 1597 3231 cr]
1615 3199 1626 3241 Η

228 3262 314 3293 corp.
336 3262 427 3293 gloss.
447 3262 499 3287 lat.
519 3263 590 3288 tom.
610 3262 664 3288 lv.
1578 3262 1619 3290 10
