2170 3522
622 163 834 199 GLOSSAE
861 163 1045 199 CODICIS
1072 162 1305 199 VATICANI
1332 167 1421 199 3321

146 274 316 316 Passim
347 274 648 316 habundanter

146 346 337 388 Pandere
371 346 537 401 aperire

145 418 384 460 Patrantur
414 418 717 473 perficiuntur]

146 490 358 532 Panditur
382 489 574 545 aperitur

111 574 127 600 5
146 562 402 604 Panduntur
435 562 689 618 aperiuntur

93 934 126 958 10

93 1366 126 1391 15

37 1650 120 1682 114Ῐ

146 634 335 676 Pantera
366 634 477 676 retia

143 706 336 748 Pannica
367 708 484 748 terra
516 706 703 748 transita
734 706 869 748 africa

145 779 237 821 Pan
263 778 432 820 incibus

144 851 312 893 Pancra
343 849 495 905 rapina

144 922 306 979 Pangit
339 922 530 964 carmina
561 921 747 978 iungitl)

145 994 418 1036 Parsimonia
455 993 687 1050 frugalitas
733 995 802 1035 uel
841 996 1002 1049 tempe-

204 1066 347 1109 rantia
374 1068 449 1107 aut
475 1064 786 1122 continentia2)

143 1138 388 1193 Participat
419 1137 570 1179 multis
604 1138 897 1180 communicat

145 1210 335 1252 Parbata
367 1209 547 1265 cupidus

146 1282 382 1324 Parasituli
414 1281 690 1325 bucellatarii

146 1355 301 1396 Parest
330 1356 504 1396 constat

144 1426 384 1481 Parumper
415 1427 542 1469 balde
571 1426 788 1469 modicum

144 1497 384 1541 Parasceue
435 1514 540 1541 cena
588 1514 694 1554 para
749 1499 862 1540 idest
911 1515 1004 1554 pre-

203 1571 459 1626 paratioque
492 1572 543 1612 fit
574 1586 653 1626 pro
687 1571 871 1613 sabbato

145 1643 276 1685 Paret
310 1644 566 1699 obsequitur

145 1715 461 1772 Parmocopula

206 1789 323 1831 ditor

529 1715 834 1758 medicamenti
904 1716 1003 1757 ben-

1811 163 1891 205 137

1041 274 1276 316 Partuibus
1307 276 1459 329 partus
1496 273 1717 316 effusionis
1916 287 1951 311 20

1040 346 1245 388 Parilitas
1280 346 1493 400 equalitas

1039 417 1243 459 Pal-entia
1311 418 1555 473 adparendo

1100 490 1314 544 equalitas

1039 559 1242 616 Parilis3)
1276 561 1443 616 equalis

1039 633 1253 675 Parsurus
1286 633 1532 688 parciturus

1622 418 1896 460 oboedientia

1040 705 1173 746 Parta
1205 705 1425 760 adquisita
1457 709 1530 747 aut
1562 709 1716 761 parata
1918 717 1951 742 25

1039 776 1246 833 Pargitur
1277 777 1501 831 plantatur

1039 849 1298 891 Parcissime
1349 850 1508 892 libabit
1561 851 1750 892 tenuiter
1801 866 1896 893 con-

1098 921 1355 976 praehendit

1040 993 1237 1034 Partitur
1269 993 1479 1035 diuiditur

1041 1065 1198 1107 Parma
1231 1080 1367 1121 genus
1400 1066 1512 1108 scuti

1040 1137 1291 1179 Parentulia
1357 1138 1447 1180 dies
1511 1138 1648 1180 festos
1711 1152 1898 1194 pagano-
1919 1149 1953 1173 30

1101 1225 1198 1250 rum

1041 1281 1262 1324 Parimola
1295 1283 1408 1338 quod
1441 1298 1572 1338 supra

1042 1353 1333 1396 Paradonium
1364 1371 1498 1411 prope
1532 1356 1726 1398 balteum

1042 1425 1200 1467 Partus
1234 1426 1343 1468 cibis
1377 1427 1572 1482 depatria

1042 1497 1241 1540 Particus
1273 1498 1525 1555 negotiator
1556 1500 1675 1555 ipsae

1041 1570 1175 1612 Parat
1207 1571 1378 1625 perficit
1409 1572 1479 1613 uel
1512 1572 1707 1614 admittit

1040 1642 1210 1685 Pascha
1240 1643 1388 1698 passio
1421 1658 1598 1700 grecum
1630 1647 1697 1686 est

1042 1715 1341 1757 Pastoforium
1398 1716 1558 1758 atrium
1614 1717 1768 1772 templi
1829 1717 1898 1759 uel

1102 1788 1339 1830 sacrarium

1919 1580 1954 1605 35

243 1945 277 1988 1.)
298 1943 465 1978 carmina
490 1942 615 1988 iungit
635 1954 752 1988 paene
778 1954 884 1978 erasa
908 1948 994 1979 sunt
1013 1945 1025 1989 ΙΙ
1045 1945 1081 1988 2)
1102 1944 1168 1977 aut
1199 1942 1433 1978 continentia
1462 1945 1545 1979 add.
1571 1956 1664 1979 man.
1686 1947 1711 1979 2
1731 1946 1742 1989 ΙΙ
1762 1947 1798 1988 3)
1819 1957 1836 1978 r
1855 1956 1899 1980 er

145 2003 158 2037 l
184 2015 274 2039 corr.
301 2016 345 2038 m,
373 2008 392 2039 1
414 2006 426 2049 ΙΙ

243 2153 274 2184 6.
301 2147 391 2183 ritia
415 2161 434 2184 c
451 2150 464 2193 ΙΙ
484 2153 515 2183 7.
536 2148 672 2183 trasita
698 2148 826 2183 afirica
851 2161 870 2184 c
892 2150 897 2194 Ι
918 2153 1091 2184 secuntur
1115 2152 1157 2183 in
1182 2148 1279 2183 aed:
1305 2147 1534 2183 Panniceum
1560 2160 1678 2193 genus
1705 2151 1762 2184 est
1782 2149 1898 2184 uestis

147 2213 180 2243 et
204 2208 374 2243 Pandum
400 2209 537 2243 flexum
563 2220 733 2254 curuum,
766 2211 842 2245 nisi
866 2211 962 2256 qaod
988 2208 1243 2243 Pannicenum
1268 2209 1321 2243 cd
1347 2213 1380 2243 et
1406 2210 1463 2243 est
1488 2220 1555 2244 om.
1582 2221 1600 2244 c
1637 2211 1648 2254 ΙΙ
1686 2213 1718 2244 8.
1746 2221 1811 2244 om.
1839 2223 1864 2245 a
1890 2210 1894 2256 Ι

146 2266 304 2301 incubus
330 2279 374 2303 ex
399 2267 534 2303 incibis
560 2281 650 2304 corr.
681 2272 719 2304 ιή
745 2282 763 2304 c
790 2282 832 2304 m.
861 2282 951 2305 saec.
979 2270 1046 2304 XI
1077 2271 1088 2314 ΙΙ
1127 2274 1157 2304 9.
1185 2268 1333 2312 Pangra
1358 2280 1377 2304 c
1413 2269 1424 2313 ΙΙ
1464 2272 1517 2303 10.
1543 2270 1707 2315 sequitur
1732 2271 1773 2304 in
1797 2270 1899 2305 aed:

146 2326 356 2361 Pandectes
385 2327 512 2362 omnia
537 2328 660 2363 ferens
687 2330 725 2363 et
750 2330 920 2363 ueterum
945 2330 984 2363 et
1009 2340 1148 2363 nouum
1174 2330 1444 2363 testamentum
1463 2330 1474 2373 ΙΙ
1497 2332 1551 2365 11.
1578 2329 1639 2363 uel
1666 2328 1899 2364 continentia

148 2397 197 2420 an
222 2387 474 2432 temperantia
501 2399 566 2422 seu
591 2389 792 2433 frugalitas
818 2401 863 2425 ex
883 2393 990 2435 parte
1011 2389 1050 2424 αἳ
1069 2390 1111 2424 in
1129 2400 1202 2424 ras.
1222 2390 1369 2433 scripsit
1391 2391 1395 2434 Ι
1419 2390 1485 2423 aut
1504 2401 1523 2424 c
1545 2390 1550 2434 Ι
1573 2390 1639 2423 aut
1665 2388 1898 2424 continentia

148 2458 214 2482 om.
241 2448 290 2482 ccl
309 2448 320 2492 ΙΙ
341 2451 396 2482 13.
422 2447 587 2482 Paruata
613 2461 636 2484 a
655 2450 666 2495 ΙΙ
687 2453 742 2485 14.
763 2448 1025 2484 buccellatarii
1043 2461 1076 2484 α.
1112 2448 1332 2484 buccellarii
1350 2461 1369 2484 c
1391 2454 1395 2492 Ι
1417 2451 1581 2494 sequitur
1600 2450 1641 2484 in
1663 2450 1733 2484 cd:
1759 2448 1897 2483 Parcas

147 2506 229 2541 fata
255 2507 374 2551 (facta
399 2508 459 2551 ἀ).-
485 2509 531 2552 cf.
557 2512 641 2553 136,
665 2496 726 2556 ,2ἸΙ
754 2514 806 2544 16.
834 2509 946 2544 ualde
972 2510 1054 2545 aed
1079 2511 1090 2554 ΙΙ
1117 2512 1171 2544 17.
1200 2508 1398 2544 Parascibe
1424 2521 1442 2545 c
1464 2509 1468 2556 Ι
1491 2510 1626 2554 parata
1653 2521 1685 2544 a.
1724 2520 1819 2553 pura
1845 2521 1863 2544 c
1891 2509 1894 2555 Ι

149 2579 171 2612 q
198 2579 256 2603 ac.
296 2566 361 2611 qui
385 2568 410 2602 d
433 2569 437 2613 Ι
462 2567 511 2602 sit
529 2580 547 2603 ο
570 2571 574 2612 Ι
595 2570 683 2613 post
701 2581 720 2604 c
743 2569 746 2615 Ι
776 2570 937 2604 sabbata
956 2582 979 2604 α
998 2572 1009 2614 ΙΙ
1032 2574 1084 2605 19.
1111 2569 1296 2604 medicine
1322 2582 1345 2605 a
1367 2571 1372 2614 Ι
1395 2568 1569 2604 uenditor
1594 2569 1673 2604 aed
1693 2571 1704 2614 ΙΙ
1724 2572 1780 2603 20.
1808 2568 1899 2602 Par-

148 2626 262 2661 tubus
288 2628 368 2662 aed
391 2629 395 2673 Ι
419 2628 661 2663 effusionibus
688 2642 736 2665 ac
756 2631 765 2676 Ι
786 2634 841 2665 21.
862 2629 1050 2664 Paralitas
1070 2631 1123 2665 cd
1142 2631 1153 2674 ΙΙ
1173 2634 1229 2664 22.
1257 2629 1474 2674 apparando
1496 2642 1518 2664 α
1542 2629 1545 2675 Ι
1568 2629 1629 2663 uel
1655 2628 1842 2673 equalitas
1863 2641 1897 2664 (ι.

149 2698 214 2721 om.
236 2687 286 2722 cd
304 2689 316 2731 ΙΙ
336 2691 390 2723 23.
412 2699 469 2722 om
500 2700 519 2723 c
535 2688 538 2734 Ι
555 2688 700 2723 Paralis
721 2691 745 2724 d
763 2690 775 2735 ΙΙ
795 2694 850 2724 24.
872 2689 1038 2734 parcitus
1059 2702 1077 2724 c
1095 2691 1107 2734 ΙΙ
1128 2694 1181 2725 25.
1204 2690 1324 2724 Pasca
1343 2702 1362 2725 e
1380 2691 1392 2734 ΙΙ
1413 2693 1466 2724 27.
1482 2688 1620 2723 libauit
1639 2702 1672 2724 α.
1700 2687 1837 2722 liu-abit
1851 2701 1869 2723 c
1892 2690 1894 2733 Ι

148 2748 297 2782 tenutes
324 2759 342 2782 c
373 2750 377 2790 Ι
411 2750 575 2793 sequitur
599 2750 639 2784 in
665 2761 714 2785 ac
741 2759 831 2793 (own
856 2750 915 2793 (Z).·
942 2747 1218 2793 Participandis
1244 2747 1410 2783 consiliis
1438 2748 1684 2783 communiter
1710 2748 1898 2782 ‹eonferen-

149 2807 238 2840 dum
266 2808 480 2851 (ferendum
507 2818 540 2852 c)
585 2810 597 2853 ΙΙ
641 2813 695 2845 28.
721 2811 887 2855 sequitur
915 2811 953 2844 in«
979 2810 1074 2844 aed:
1106 2809 1286 2843 Parentat
1311 2808 1453 2843 umbris
1479 2809 1539 2843 uel
1568 2810 1650 2853 (aut
1675 2810 1714 2852 d)
1743 2808 1898 2842 tumulis

148 2868 379 2901 mortuorum
410 2868 626 2912 frequenter
650 2870 759 2914 paret
783 2868 823 2903 id
849 2871 906 2904 est
932 2868 1150 2913 obsequitur
1181 2869 1242 2903 uel
1270 2870 1353 2913 (aut
1377 2870 1417 2913 cl)
1444 2868 1636 2903 ministrat
1654 2871 1665 2914 ΙΙ
1685 2872 1741 2904 30.
1762 2868 1898 2902 Paren-

149 2925 244 2960 talia
269 2928 350 2962 acd
379 2929 382 2971 Ι
413 2927 492 2962 dies
524 2928 644 2962 fest-us
669 2941 704 2964 a.

758 2928 819 2966 ide}
846 2930 944 2964 festa
969 2941 988 2964 e
1013 2965 1022 2975 ,Ἰ

1049 2933 1104 2964 31.
1131 2928 1321 2963 Parimolu
1354 2941 1386 2964 a.
1424 2928 1616 2963 Pal-imula
1641 2929 1690 2963 ccl
1712 2929 1716 2974 Ι
1740 2939 1812 2971 quo
1839 2941 1862 2963 α
1890 2928 1894 2975 Ι

150 2997 303 3030 suprum
328 2998 346 3021 c
374 2989 385 3032 ΙΙ
417 2991 472 3022 3⁶3.
499 2986 765 3022 Paradiom'um
790 2990 840 3024 ccl
868 2992 872 3035 Ι
900 2989 1015 3034 probe
1041 3001 1060 3024 c
1090 2990 1102 3035 ΙΙ
1134 2993 1189 3024 33.
1216 2989 1353 3023 Parcus
1380 3000 1404 3023 α
1432 2991 1436 3032 Ι
1465 2987 1559 3022 ciuis
1585 3000 1606 3022 a
1631 2989 1634 3031 Ι
1665 2987 1838 3032 departia
1863 3000 1897 3023 a.

150 3045 196 3080 de
220 3045 351 3090 parcia
375 3058 394 3081 c
419 3048 431 3091 ΙΙ
457 3051 511 3082 34.
538 3046 709 3082 Parricus
736 3060 755 3084 c
782 3049 786 3095 Ι
816 3047 1032 3093 negotiatur
1056 3060 1074 3083 c
1099 3050 1110 3094 ὶΙΞ
1136 3053 1192 3083 35.
1218 3048 1335 3082 Purat
1360 3059 1378 3083 c
1406 3049 1410 3091 Ι
1440 3046 1622 3081 ammittit
1647 3059 1670 3081 (ι
1698 3048 1702 3090 Ι
1733 3049 1898 3091 sequitur

150 3106 192 3139 in
215 3117 256 3140 a:
291 3105 494 3141 Paneretos
522 3108 814 3151 stupemeretum
840 3107 1023 3142 uirtutum
1050 3107 1214 3142 omnium
1242 3118 1418 3152 capacem
1438 3108 1448 3151 ΙΙ
1469 3111 1524 3142 36.
1545 3118 1609 3141 om.
1633 3119 1656 3141 a
1678 3108 1682 3151 Ι
1705 3106 1824 3141 Pasca
1849 3119 1868 3143 c
1887 3107 1899 3154 ΙΙ

152 3169 208 3200 37.
234 3165 484 3200 Pastoforiam
509 3178 527 3202 c
550 3169 554 3212 Ι
577 3168 700 3201 atrum
725 3180 743 3203 c
765 3169 770 3213 Ι
800 3166 1013 3215 salslsarium
1040 3179 1069 3203 c.
1108 3166 1286 3201 sasai-ium
1317 3168 1342 3202 d
1360 3169 1371 3212 ΙΙ
