2170 3522
264 202 350 242 274

262 311 399 354 Podix
432 311 500 353 uel
528 308 678 365 podice
706 307 954 350 facedenica
978 307 1022 349 id
1048 309 1115 349 est

323 398 450 424 anum
483 382 550 423 uel
585 380 729 422 culum
742 378 774 432 ¹)

149 462 232 493 112r
266 454 401 497 Porro
434 455 586 508 postea
617 452 768 506 utique

261 525 488 568 Portendit
533 522 798 579 significauit
841 523 970 579 longe
1013 525 1113 565 ante

322 596 512 639 ostendit

260 669 436 711 Poetria
467 668 626 710 femina
658 669 789 723 poeta

226 753 241 778 5
261 741 462 782 Postulat
493 740 605 796 petit

260 813 583 855 Postliminium
618 812 691 867 qui
722 814 824 867 post
856 810 1113 866 captiuitate

319 900 517 927 reuersus
550 885 646 926 iura
673 899 754 939 que
788 884 1021 925 admiserat
1052 898 1114 925 re-

322 956 428 1011 cipit

261 1028 510 1071 Pomarium
541 1029 617 1071 ubi
648 1044 778 1084 poma
809 1030 1030 1084 ponuntur

262 1100 510 1143 Pomerium
542 1101 661 1144 locus
693 1101 916 1156 proximus
949 1100 1060 1142 mari

261 1172 462 1215 Poeticus
497 1173 691 1216 canticus

209 1258 241 1282 10
261 1244 434 1287 Potitus
468 1246 649 1300 adeptus
682 1247 939 1288 consecutus

258 1316 408 1359 Petior
439 1317 560 1359 fruor
592 1320 635 1359 et
666 1317 889 1372 potentior

258 1388 543 1431 Potissimum
576 1389 800 1431 meliorem

259 1460 400 1503 Potiri
432 1462 612 1516 adipisci

258 1532 395 1575 Potor
426 1533 607 1575 bibutur

208 1616 240 1642 15
259 1604 408 1647 Pondo
441 1606 575 1647 libras
609 1604 712 1662 X112)

145 1685 233 1716 11211
259 1677 400 1732 Prope
433 1678 541 1719 bene

259 1749 475 1791 Probrum
502 1749 727 1804 turpitudo
754 1749 823 1790 uel
850 1749 1013 1790 malum
1035 1748 1112 1790 cri-

320 1836 419 1863 men

259 1891 526 1935 Probrosum
558 1894 702 1949 turpia

259 1964 464 2006 Probitas
497 1965 668 2007 iustitia
698 1965 873 2007 bonitas

207 2049 241 2074 20
260 2035 493 2078 Problema
523 2036 766 2092 propositio

259 2106 404 2150 Proba
436 2108 668 2150 manifesta
701 2109 866 2150 obtima
896 2111 1082 2164 prouata

259 2179 387 2222 Proci
418 2181 630 2235 petitores
662 2195 847 2223 uxorum

259 2251 468 2295 Proculus
509 2253 582 2308 qui
621 2256 745 2309 patre
783 2252 957 2309 longius
995 2268 1112 2309 pere-

320 2324 518 2380 grinante
549 2325 745 2367 nascitur

259 2394 425 2438 Procax
458 2397 717 2452 inportunus
749 2397 958 2453 inprobus

678 197 890 234 GLOSSAE
917 196 1101 233 CODICIS
1128 195 1488 232 SANGALLENSIS
1515 199 1582 230 912

1152 306 1387 349 Procerum
1419 306 1558 348 altum
1588 320 1668 361 pro
1700 305 1881 362 longum
2025 315 2060 341 25

1152 378 1310 421 Procul
1342 393 1431 420 non
1461 378 1591 434 louge

1150 449 1312 493 Procas
1335 451 1408 506 qui
1427 452 1529 505 post
1549 452 1689 492 morte
1709 450 1849 506 patris
1868 450 2004 493 nasci-

1211 525 1283 565 tur

1150 594 1342 637 Procliui
1373 594 1514 637 facere
1545 595 1690 651 parati

1150 666 1235 709 Pro
1269 667 1502 709 clientibus
1533 682 1612 723 pro
1647 666 1817 725 sociis-2³)

1151 738 1397 782 Proceritas
1431 739 1618 782 altitudo
1650 740 1879 797 longitudo

1151 810 1350 854 Procella
1381 814 1620 867 tempestas
1653 812 1775 855 uenti
1807 812 1957 854 subitu
2024 820 2058 845 31

1152 882 1358 926 Proceres
1390 884 1568 939 primati
1599 884 1760 927 nobilis

1151 954 1370 998 Procliuia
1403 956 1571 998 adelina

1152 1027 1370 1070 Procliuio
1403 1028 1639 1070 humiando
1673 1028 1903 1071 adcumbet

1151 1099 1401 1143 Proemium
1432 1100 1619 1156 prefatio
2023 1109 2058 1135 3⁵

1151 1172 1358 1228 Prodigia
1397 1172 1522 1229 signa
1554 1172 1732 1228 celestia
1763 1173 1879 1216 mala
1909 1188 2005 1229 pro-

1208 1245 1362 1287 nuntia

1150 1317 1283 1359 Prodi
1316 1317 1383 1359 exi

1149 1388 1354 1431 Profecto
1375 1403 1475 1431 uere
1495 1389 1624 1431 nimis
1651 1391 1728 1431 aut
1754 1387 1845 1430 sine
1873 1387 2003 1431 dubio

1150 1461 1340 1504 Profana
1370 1461 1541 1516 pulluta
1571 1461 1738 1503 uiolata

2031 743 2115 774 113*

1151 1534 1418 1590 Profligatus
1450 1533 1644 1589 perditus
2021 1541 2057 1566 40

1149 1605 1355 1648 Profatus
1387 1606 1666 1662 proloquitur

1150 1678 1372 1720 Profundo
1406 1679 1495 1720 alto

1149 1749 1386 1792 Profitetur
1417 1750 1644 1806 praedigat
1677 1749 1877 1805 diuulgat

1150 1822 1300 1864 Proles
1332 1822 1448 1864 filius
1479 1822 1710 1878 progenies

1150 1894 1386 1950 Prolapsus
1420 1897 1486 1936 est
1518 1894 1606 1936 ruit
2033 1897 2119 1929 113¹¹

2021 1973 2056 1998 46

1150 1965 1370 2008 Proelium
1402 1980 1550 2022 pugna

1149 2038 1386 2080 Prolemsis
1419 2037 1725 2093 preoccupatio
1753 2052 1851 2080 cum
1876 2040 2004 2079 antea

1208 2110 1260 2152 fit
1293 2110 1407 2165 quod
1438 2112 1540 2165 post
1571 2113 1614 2152 te
1648 2109 1797 2152 debuit

1151 2180 1367 2238 Promis4)

1151 2254 1359 2297 Promisit
1390 2253 1508 2296 foras
1542 2255 1747 2310 produxit

1152 2326 1486 2382 Promulgatum
1517 2326 1794 2383 pupligatum

1151 2398 1360 2454 Progatia
1392 2398 1615 2440 temeritas
1649 2398 1823 2440 audatia

357 2539 389 2581 1)
414 2538 460 2584 92.
488 2539 572 2574 add.
599 2551 644 2576 m.
670 2540 782 2585 2112)
806 2540 852 2586 92.
880 2540 964 2575 add.
992 2551 1036 2574 m.
1063 2540 1175 2584 2113)
1199 2540 1247 2586 91.
1274 2539 1359 2575 add.
1385 2551 1430 2574 m.
1451 2543 1476 2576 2
1496 2541 1508 2586 l!
1527 2542 1562 2585 4)
1584 2544 1669 2585 post
1693 2538 1836 2574 Promis
1862 2540 1998 2576 lacuna

259 2597 417 2632 elmerum
443 2599 516 2641 fere
541 2600 722 2635 linearum
746 2600 874 2635 relicta
892 2601 904 2645 ΙΙ

358 2722 386 2752 1.
413 2730 479 2754 om.
506 2720 614 2754 abed
656 2720 667 2763 ΙΙ
711 2723 742 2754 3.
770 2718 956 2763 significat
982 2720 1065 2755 abd
1107 2721 1118 2765 ΙΙ
1163 2724 1193 2755 6.
1221 2718 1485 2765 captiuitatem
1511 2721 1589 2755 abc
1634 2719 1640 2767 Ι
1686 2718 1864 2755 amiserat
1889 2721 1967 2756 abc
1991 2720 2003 2768 Η

262 2781 315 2812 11.
342 2777 469 2813 Potior
494 2780 544 2814 ab
564 2781 575 2825 ΙΙ
596 2782 650 2813 14.
673 2782 728 2814 15.
755 2791 820 2814 om.
849 2780 957 2814 abed
977 2780 987 2824 ΙΙ
1009 2784 1063 2815 16.
1090 2780 1208 2814 Probe
1235 2781 1285 2815 ab
1307 2782 1318 2825 ΙΙ
1338 2784 1393 2815 18.
1414 2779 1597 2815 Probi-osa
1623 2781 1734 2816 abed
1752 2781 1763 2826 ΙΙ
1783 2784 1838 2815 21.
1859 2779 2003 2825 optima

259 2837 419 2881 probata
445 2840 528 2874 abd
546 2840 558 2884 ΙΙ
584 2843 638 2873 25.
665 2838 885 2883 perlongum
911 2841 1034 2884 01127.
1061 2839 1199 2874 Procax
1227 2841 1278 2874 ab
1302 2842 1306 2885 1
1329 2841 1486 2874 mortem
1512 2840 1621 2875 abed
1645 2840 1656 2884 ΙΙ
1681 2843 1737 2874 29.
1764 2850 1829 2874 om.
1857 2841 1967 2875 abed
1991 2839 2003 2887 ΙΙ

261 2901 316 2930 31.
344 2897 401 2931 uis
427 2897 531 2932 uenti
558 2897 683 2932 subita
703 2898 750 2933 bc
769 2900 779 2942 ΙΙ
800 2903 853 2933 33.
875 2897 1047 2932 Procliua
1074 2900 1123 2934 ab
1143 2901 1154 2944 ΙΙ
1175 2902 1230 2934 34.
1250 2898 1473 2933 Procumbet
1498 2910 1611 2944 pecus
1637 2899 1786 2943 quando
1807 2899 2004 2935 accumbet

261 2958 310 2991 ab
337 2962 385 3002 ct,
411 2960 486 2993 ‘nisi
511 2959 606 3004 quod
631 2957 784 3001 acubet,
810 2969 828 2992 c
863 2959 875 3002 Η
913 2961 956 2992 36
994 2958 1134 2992 malum
1160 2957 1443 3003 pronuntiantia
1469 2960 1549 2994 abc
1584 2961 1596 3004 ΙΙ
1632 2963 1688 2994 38.
1714 2957 1888 2992 nimirum
1914 2960 1965 2994 ab
1991 2959 2003 3006 ΙΙ

262 3020 317 3051 39.
345 3017 490 3061 polluta
516 3019 565 3053 cd
583 3020 595 3062 ΙΙ
614 3021 669 3052 41.
697 3017 870 3052 Prosatur
895 3018 973 3052 asbc
1003 3020 1014 3062 ΙΙ
1046 3022 1101 3053 43.
1129 3017 1298 3063 predicat
1323 3020 1401 3054 abc
1425 3021 1436 3063 ΙΙ
1461 3022 1517 3055 44.
1544 3018 1612 3053 filii
1638 3018 1699 3053 uel
1724 3019 1802 3054 abc
1820 3020 1832 3063 Η
1851 3023 1907 3055 46.
1934 3030 2000 3054 om.

262 3077 370 3111 abed
389 3079 400 3121 Η
421 3081 474 3112 47.
503 3075 732 3121 praesumtio
758 3076 1045 3123 praeoccupatio
1067 3079 1086 3112 b
1111 3080 1115 3121 l
1137 3080 1269 3122 postea
1289 3077 1420 3113 debuit
1440 3080 1490 3114 ab
1510 3082 1521 3123 Η
1542 3084 1595 3115 48.
1616 3079 1662 3123 cf.
1683 3077 1898 3113 Promiscua
1917 3089 2001 3113 con-

261 3135 345 3168 fusa
371 3135 519 3171 diuersa
546 3136 605 3171 uel
632 3135 738 3170 uaria
765 3135 842 3171 siue
869 3136 1069 3171 commixta
1098 3139 1137 3172 in
1162 3149 1180 3172 c
1204 3140 1216 3183 ΙΙ
1241 3142 1296 3173 50.
1323 3137 1557 3182 puplicatum
1583 3149 1641 3173 ac.
1684 3137 1918 3182 publicatum
1945 3139 1964 3173 b
1990 3138 2002 3185 Η

262 3198 317 3229 41.
346 3195 521 3230 l'rocacia
547 3198 597 3231 αῖ)
621 3199 625 3240 1
648 3196 808 3231 audacia
834 3198 884 3232 ab
905 3199 915 3243 ΙΙ
