2170 3522
252 212 339 254 558
903 208 1116 244 GLOSSAE
1143 207 1360 242 AFFATIM

250 321 542 362 Pubescentes
577 321 818 361 crescentes
855 318 923 359 uel
957 318 1109 359 floren-

312 396 376 434 tes

251 465 442 506 Puberat
476 463 608 505 crecit
641 466 716 504 aut
749 463 1040 504 incrementat

252 536 496 577 Pubetenus
546 550 680 590 prope
733 535 944 590 genitalia
995 534 1109 576 circa

308 608 506 663 pudenda

249 680 362 721 Pebe
395 679 541 721 uirilia

213 763 229 787 3
250 752 382 793 Pubis
415 767 522 807 puer
554 751 750 793 inbarbis

196 1266 228 1290 10

194 1624 226 1649 15

192 2057 225 2081 20

192 2415 226 2440 25

191 2847 224 2871 30

249 823 460 865 Puberbis
493 824 698 865 iuuentus

247 895 529 950 Puerperium
574 895 716 936 infans
761 895 807 936 in
851 898 976 937 utero
1023 895 1106 936 for-

307 970 450 1009 matus
483 968 552 1009 uel
585 970 738 1022 partus
772 982 870 1009 cum
902 982 979 1022 per
1010 982 1106 1009 nas-

308 1039 419 1081 citur

248 1112 466 1167 puerpera
498 1112 645 1166 puella
676 1111 806 1167 primi
839 1114 992 1166 partus

249 1183 394 1225 Pubus
427 1183 542 1225 filius
576 1198 683 1239 puer

249 1255 360 1296 Puer
392 1255 507 1296 filius
542 1269 667 1311 grece

248 1326 460 1368 Puellaris
494 1327 644 1368 tabula

246 1397 440 1440 Pullulat
473 1399 691 1454 germinat

246 1470 519 1512 Pullulantes
552 1474 779 1526 turgentes

245 1541 453 1584 Puluinar
485 1543 697 1597 templum
731 1545 806 1584 aut
838 1543 1066 1598 pulmones

246 1614 498 1656 Puluinaria
554 1615 826 1657 caeremonia
878 1615 947 1656 uel
1000 1615 1103 1656 rele—

307 1686 457 1742 giones

246 1756 457 1799 Puluinus
489 1758 628 1801 lectus

247 1829 411 1871 Pullati
442 1829 560 1886 nigri

246 1901 412 1958 Purgat
444 1902 720 1944 innocentem
752 1903 912 1957 probat

246 1973 531 2015 Purulentum
566 1974 754 2028 putituiu

244 2044 397 2087 Plures
430 2045 635 2087 fortiores

244 2117 408 2173 Puppis
442 2118 660 2172 posterior
694 2133 794 2172 pars
827 2118 952 2159 nauis

246 2188 409 2244 Puppis
441 2189 566 2231 nauis

246 2260 441 2302 Puncum
474 2260 594 2317 rigor

245 2331 407 2373 Pruina
439 2332 578 2388 frigor

244 2402 410 2445 Prucus
441 2404 607 2459 petitur

243 2474 432 2517 Pulchra
475 2476 596 2530 prole
639 2475 860 2517 honorum
911 2476 1102 2518 filiorum

303 2550 474 2602 patrem

245 2618 451 2661 Pluscula
483 2620 650 2662 maiora

244 2690 389 2732 Pruna
420 2690 550 2732 uallis

243 2761 380 2804 Puere
413 2765 652 2818 potuerunt

246 2833 509 2876 Publicanus
543 2835 814 2876 thelonarius

243 2904 399 2947 Pluteo
432 2906 569 2961 pultis

1148 317 1417 373 Pugillarem
1450 317 1647 358 tabulam

1149 389 1320 430 Prunus
1354 389 1485 430 arbor

1149 461 1342 502 Prunum
1376 464 1419 502 et
1452 476 1592 515 pruna
1624 475 1756 515 poma

1146 675 1285 731 Quam
1325 677 1474 718 obrem
1514 692 1592 732 pro
1634 692 1718 732 qua
1757 692 1802 718 re
1839 680 1916 719 aut
1947 677 2007 719 id·
2027 688 2062 714 35

1207 749 1321 790 circo

1147 819 1242 870 Qua
1275 820 1326 862 de
1359 835 1404 861 re
1439 821 1554 875 quod
1588 835 1720 876 supra

1146 891 1345 941 Qualitas
1379 893 1519 948 qualis
1553 893 1612 934 sit
2166 945 2170 960 Ι

1146 964 1421 1020 Quamquam
1456 965 1656 1020 quamuis
2035 972 2102 1004 44¹¹
2156 1024 2158 1026 Ι

1145 1034 1418 1091 Quamquam
1443 1037 1480 1079 si
1501 1037 1585 1079 etsi
1606 1036 1780 1078 etiamsi
1802 1037 2007 1079 uidelicet
2164 1021 2170 1033 ⁴

1145 1107 1420 1164 Quamquam
1465 1112 1613 1150 tamen
1657 1108 1792 1150 etiam
1834 1108 2006 1164 siquam
2024 1122 2060 1146 40

1205 1180 1353 1222 saltim

1144 1250 1284 1301 Quam
1317 1252 1456 1307 pridie
1490 1253 1578 1295 iam
1612 1253 1718 1295 olim

1143 1322 1353 1373 Quamuis
1387 1325 1470 1366 etsi
1503 1324 1607 1366 licet

1144 1396 1419 1451 Quamquam
1446 1412 1577 1439 uersu
1604 1397 1802 1452 qualibet
1825 1399 2005 1452 exparte

1143 1467 1408 1517 Quantotius
1443 1469 1625 1511 celerius
1658 1469 1728 1510 uel
1763 1468 1893 1510 citius

1145 1540 1412 1595 Quandoque
1447 1542 1807 1596 quandocumque
2022 1554 2058 1578 4⁵

1145 1612 1505 1667 Quandoquidem
1538 1617 1642 1656 tunc
1675 1613 1852 1655 omnino

1145 1684 1377 1733 Quantitas
1413 1688 1577 1739 quanto
1611 1685 1670 1727 sit

1146 1756 1416 1806 Quantulum
1462 1760 1864 1812 quantumcumque
1916 1772 2005 1799 mo-

1205 1829 1349 1871 dicum

1145 1900 1422 1956 Quapropter
1457 1901 1559 1957 quid
1594 1916 1697 1958 ergo

1143 1972 1359 2022 Quassum
1394 1974 1612 2029 quomodo
2024 1985 2059 2011 50

1145 2045 1374 2095 Quassatis
1408 2046 1586 2088 conlisis

1145 2118 1352 2168 Quatitur
1386 2118 1636 2160 concutitur

1144 2190 1334 2240 Quassat
1366 2192 1497 2232 uexat
1530 2190 1726 2232 concutit

1144 2262 1363 2311 Quasdam
1396 2262 1554 2317 aliquis

1142 2332 1367 2382 Quandam
1401 2334 1592 2389 aliquam
2021 2345 2056 2370 55

1143 2405 1238 2455 Qua
1270 2406 1440 2448 ratione
1473 2406 1543 2448 uel
1577 2421 1851 2461 quousquam

1143 2477 1367 2527 Quatenus
1431 2492 1515 2533 qua
1578 2477 1747 2519 ratione
1812 2477 2002 2532 qualiter

1202 2565 1386 2605 cumque
1406 2550 1411 2557 ’

1144 2621 1437 2671 Quadrantale
1472 2622 1624 2664 anfora

1143 2693 1263 2743 Queo
1296 2708 1476 2748 possum

1141 2763 1314 2813 Queunt
1345 2768 1531 2820 possunt
2021 2776 2055 2802 ⁰0

1141 2834 1358 2884 Queamus
1391 2853 1624 2892 possumus

1141 2906 1363 2956 Quaedam
1396 2909 1587 2964 aliquem

341 3087 373 3117 2.
401 3083 535 3118 crescit
560 3084 610 3119 ab
630 3085 641 3130 ΙΙ
661 3087 693 3118 4.
720 3083 824 3118 Pube
850 3083 870 3117 b
890 3085 901 3129 ΙΙ
922 3087 953 3118 7.
981 3082 1150 3118 firmatur
1175 3085 1195 3119 b
1218 3087 1222 3130 Ι
1244 3097 1338 3130 puer
1362 3087 1438 3122 cod.
1467 3087 1579 3122 Rern.
1606 3088 1711 3132 2241!
1730 3091 1764 3122 9.
1791 3085 1916 3131 Pupus
1943 3086 1963 3122 b
1990 3115 1999 3131 1,,

248 3146 301 3177 15.
328 3142 530 3187 religiones
557 3144 576 3178 b
608 3144 619 3187 Η
653 3146 707 3178 19.
734 3142 929 3188 putridum
955 3143 975 3177 b
1007 3144 1018 3187 ΙΙ
1050 3147 1106 3179 23.
1134 3143 1318 3178 Punctum
1344 3158 1367 3180 α
1387 3147 1397 3191 ΙΙ
1417 3150 1473 3181 40.
1501 3145 1664 3180 tamensi
1690 3147 1710 3181 b
1729 3147 1741 3190 ΙΙ
1761 3149 1817 3182 52.
1844 3157 1910 3181 om.
1937 3157 1962 3181 a
1988 3146 1997 3191 f,

247 3206 301 3237 56.
331 3202 515 3244 Quatinus
537 3203 745 3248 praemittit
771 3203 791 3237 b
814 3203 819 3249 Ι
841 3213 1037 3247 quousque
1064 3204 1083 3237 b
1103 3206 1115 3248 {1
1136 3207 1190 3238 61.
1217 3204 1404 3248 possimus
1432 3206 1452 3240 b
1472 3207 1484 3251 ss
