2170 3522
773 160 990 196 GLOSSAE
1017 159 1235 195 AFFATIM

117 270 385 326 Hostispicit
416 270 662 326 haruspicit

116 342 272 385 Hostit
304 346 464 399 aequat
497 345 572 384 aut
604 343 756 398 planat

116 413 320 457 Honorat
351 414 517 457 honore
551 417 754 456 munerat

115 485 272 528 Honor
304 486 498 542 dignitas

80 571 96 595 ⁵
115 557 312 601 Humum
345 561 510 600 terram

115 630 338 673 Humatus
372 630 570 686 sepultus

113 846 379 904 Indaginem
410 847 744 903 inquisitionem

113 919 335 977 Inaegnea
368 919 617 962 obscuritas

113 991 282 1035 Infame
316 992 511 1034 famosus

64 1077 96 1102 10
115 1064 292 1107 Iactura
324 1064 638 1107 detrimentum
672 1064 880 1106 damnum

114 1135 295 1179 Inmane
329 1152 535 1179 aceruum

113 1207 263 1250 Iaceat
295 1208 460 1251 iactare
493 1210 628 1252 iactet
662 1209 814 1251 mittat

112 1280 308 1323 Iactatus
341 1284 527 1324 uexatus
560 1281 774 1338 fatigatus

112 1352 260 1396 Iactus
293 1353 484 1396 iactatus
518 1354 586 1396 uel
622 1369 747 1396 casus

61 1438 94 1464 15
115 1424 227 1467 Iacit
259 1425 402 1468 mittit

111 1497 983 1554 Inastasanctapulchraclarasplendida

112 1569 162 1612 In
195 1571 383 1627 aligoria
415 1571 461 1612 in
495 1571 715 1626 spiritalia

115 1642 208 1685 Iam
230 1646 324 1685 tum
342 1658 393 1685 ex
408 1643 484 1685 illo
507 1646 704 1699 tempore
718 1646 811 1685 tuni
828 1642 980 1684 deinde

115 1714 256 1771 Iaspis
289 1716 438 1772 imago
472 1716 616 1772 figura

59 1801 92 1826 20
113 1787 364 1830 Inlabertae
428 1788 610 1830 deficere

173 1860 353 1903 fundere

112 1933 165 1975 In
203 1934 417 1989 abruptae
451 1933 495 1975 in
529 1949 736 1990 praeceps
771 1934 980 1990 praecipi-

675 1789 863 1831 defluere
921 1789 981 1829 in-

174 2008 294 2048 tatus
328 2006 524 2061 periculo

114 2077 238 2120 Insta
270 2078 440 2120 insistit

114 2150 300 2207 Ignarus
334 2151 499 2193 inscius
533 2151 735 2193 indoctus

115 2222 322 2279 Ignauiae
356 2224 620 2266 inbicilitate
656 2224 816 2266 inertia

59 2308 94 2334 ‘25
115 2295 308 2352 Ignauus
354 2296 470 2338 iners
517 2297 643 2353 piger
695 2296 864 2338 otiosus
912 2295 978 2336 uel

175 2368 294 2411 fatus
327 2369 397 2411 uel
431 2369 602 2411 inutilis

115 2439 302 2483 Inanitis
336 2442 503 2497 asperis
537 2441 680 2484 saeuis

115 2513 209 2555 Iam
243 2514 332 2556 iam
365 2514 499 2556 etiam

115 2585 209 2628 Iam
242 2587 405 2628 dudum
438 2587 524 2628 iam

116 2657 263 2700 Instar
308 2658 552 2701 similitudo
599 2659 668 2701 uel
721 2659 981 2714 magnitudo

176 2733 253 2772 aut
285 2731 541 2774 institutum

61 2815 97 2841 3ο
116 2802 343 2845 Incassum
357 2803 594 2846 inuacuum
605 2803 732 2845 inane
746 2804 838 2846 sinc
852 2818 985 2846 causa

1798 160 1886 201 525

1021 270 1142 313 Infra
1176 285 1220 313 se
1254 270 1398 312 minor
1431 285 1476 312 se

1023 342 1074 384 In
1107 342 1342 398 capisendo
1376 343 1422 384 in
1455 342 1707 397 accipiendo

1022 413 1220 456 Inmania
1251 414 1452 470 ingenita

1021 486 1265 528 Inmanitas
1300 486 1526 529 crudilitas
1560 486 1712 528 feritas

1020 557 1245 600 Inmanior
1279 558 1495 601 crudelior
1905 568 1940 594 85

1020 629 1073 671 In
1107 629 1353 671 aetherium
1385 630 1430 672 in
1465 630 1651 672 caeleste

1019 701 1324 744 Instaurantes
1358 702 1641 744 instituentes

1019 773 1244 816 Instaurat
1276 773 1548 831 redintegrat
1583 778 1659 816 aut
1702 779 1886 818 renouat

1022 846 1290 889 Inhabitalia
1323 846 1542 888 indeserta

1019 918 1188 961 Ianitor
1222 918 1430 961 ostiarius
1905 930 1941 954 40

1019 990 1251 1033 Infandum
1308 991 1645 1033 inenarrandum
1697 1007 1775 1035 nec
1826 993 1886 1034 lo-

1081 1064 1302 1119 quendum

1020 1135 1154 1191 Inpar
1187 1136 1430 1191 inaequalis
1465 1136 1634 1178 uiribus

1020 1207 1279 1250 Iamdudum
1312 1208 1397 1250 iam
1432 1209 1602 1264 pridem
1636 1208 1723 1250 iam
1757 1209 1862 1250 olim

1021 1280 1072 1322 In
1106 1280 1234 1323 arche
1268 1281 1312 1322 in
1348 1281 1518 1323 excelso

1020 1353 1292 1396 Infabricata
1324 1353 1567 1408 inperfecta
1907 1363 1942 1387 45

1022 1426 1115 1467 Iam
1149 1425 1338 1467 uertitur
1372 1425 1459 1467 iam
1493 1426 1656 1468 transit

1023 1499 1116 1540 Iam
1148 1499 1343 1540 ualidum
1378 1499 1521 1540 minus
1556 1500 1699 1540 minus
1727 1499 1888 1542 fortem

1022 1571 1176 1627 Imago
1209 1570 1361 1612 uultus

1022 1644 1069 1685 Iu
1106 1643 1261 1686 iaculis
1296 1643 1339 1684 in
1373 1643 1516 1685 arenis
1552 1644 1593 1685 in
1630 1644 1730 1685 telis

1022 1717 1144 1758 Itane
1179 1717 1222 1757 in
1255 1716 1371 1757 hunc
1407 1716 1584 1757 modum
1909 1724 1943 1749 50

1021 1789 1168 1831 Inanis
1202 1804 1366 1830 uacuus

1022 1862 1254 1904 Incautum
1287 1861 1476 1903 inscium

1022 1935 1071 1976 In
1107 1934 1420 1990 magistratum
1454 1933 1499 1974 in
1532 1933 1743 1975 honorem

1019 2006 1122 2063 Ipsa
1155 2022 1199 2049 re.
1234 2007 1330 2062 ipsa
1362 2006 1551 2047 ueritate

1020 2080 1168 2121 Instar
1201 2079 1443 2121 similitudo
1909 2086 1943 2110 55

1020 2152 1267 2208 Iuexpertis
1300 2150 1473 2193 inscitis

1023 2225 1188 2267 lnertes
1222 2224 1393 2266 inutilis
1427 2223 1542 2279 pigri
1577 2223 1758 2265 inualidi

1020 2297 1191 2339 Infecta
1223 2312 1310 2339 non
1346 2296 1463 2337 faeta
1496 2296 1569 2337 sed
1605 2295 1746 2338 tincta

1022 2370 1246 2412 lnlecebra
1279 2369 1556 2411 incommoda
1915 2372 1977 2403 30r

1023 2443 1297 2485 Inlecebrum
1330 2441 1599 2483 indesertum
1908 2449 1942 2471 ⁴²0

1022 2515 1261 2557 Inlecebris
1297 2514 1600 2569 uoluptatibus

1024 2587 1298 2629 Intestabilis
1337 2586 1428 2628 sine
1462 2586 1545 2628 fide
1579 2586 1760 2628 testium
1794 2586 1886 2627 sine

1082 2660 1165 2702 fide
1199 2662 1243 2701 et
1276 2659 1582 2701 testimonium

1024 2732 1302 2787 Intereapido
1337 2732 1634 2774 ininteriectio

1023 2804 1215 2847 Inbelles
1250 2804 1324 2860 qui
1358 2818 1552 2860 pugnare
1586 2818 1675 2845 non
1701 2806 1888 2858 possunt

215 2938 246 2971 9.
273 2935 461 2970 famosum
490 2935 537 2970 bc
556 2936 567 2980 ΙΙ
591 2938 644 2970 17.
672 2934 714 2969 In
740 2934 925 2980 allegoria
952 2935 999 2970 bc
1023 2936 1036 2979 ΙΙ
1065 2938 1122 2970 20.
1149 2934 1321 2969 Inlabere
1349 2935 1396 2970 bc
1415 2937 1425 2978 ΙΙ
1446 2938 1501 2970 21.
1530 2933 1777 2978 Inabruptum
1805 2934 1853 2968 bc
1878 2935 1887 2978 l}

117 2999 174 3031 22.
196 2995 319 3030 Instat
338 2996 417 3030 abc
437 2997 447 3040 ΙΙ
468 2999 524 3030 24.
541 2994 699 3040 Ignauia
719 3007 737 3030 e
759 2997 764 3040 1
788 2994 1041 3030 inbecillitate
1056 2996 1076 3031 b
1096 2997 1108 3041 ΙΙ
1128 2999 1183 3031 25.
1198 2995 1327 3030 fatuus
1349 2996 1395 3030 bc
1414 2998 1425 3039 ΙΙ
1445 2998 1500 3029 27.
1517 3005 1584 3029 om.
1600 3005 1618 3029 c
1637 2995 1648 3038 ΙΙ
1669 2997 1725 3028 28.
1741 2992 1888 3038 pridem

117 3055 203 3090 add.
231 3067 250 3091 c
268 3057 280 3100 ss
300 3059 356 3091 32.
377 3055 419 3089 In
446 3055 679 3100 capessendo
707 3056 754 3091 bc
772 3057 784 3100 ΙΙ
805 3059 859 3090 33.
883 3054 1054 3100 ingentia
1076 3056 1122 3090 bc
1141 3056 1153 3099 ΙΙ
1173 3059 1229 3089 34.
1247 3053 1452 3089 crudelitas
1472 3054 1551 3089 abc
1570 3055 1581 3099 ΙΙ
1602 3057 1658 3089 35.
1680 3058 1735 3088 36.
1757 3065 1822 3088 om.
1840 3065 1858 3088 c
1878 3055 1887 3099 l}

117 3118 174 3150 44.
201 3115 243 3149 In
270 3125 354 3150 arce
381 3127 430 3150 ac
449 3117 461 3159 ΙΙ
480 3119 538 3150 46.
565 3127 632 3151 om.
653 3127 672 3151 c
690 3116 702 3160 ΙΙ
722 3119 779 3151 47.
807 3114 1022 3150 Inualidum
1049 3126 1068 3151 c
1090 3114 1094 3161 1
1118 3115 1241 3150 miuus
1268 3116 1425 3150 alterum
1451 3125 1518 3149 om.
1540 3126 1558 3149 c
1577 3116 1588 3160 ΙΙ
1608 3118 1664 3148 49.
1693 3125 1759 3148 om.
1781 3125 1800 3149 c
1821 3119 1826 3154 Ι
1849 3112 1888 3147 in

119 3174 232 3211 armis
259 3176 279 3212 b
299 3178 311 3222 11
331 3179 387 3211 54.
416 3178 470 3211 55.
499 3186 567 3211 om.
593 3187 612 3211 c
630 3177 642 3221 ΙΙ
663 3179 720 3212 57.
746 3175 902 3211 inutiles
928 3176 1008 3212 abc
1026 3176 1038 3221 ΙΙ
1058 3179 1115 3211 63.
1142 3174 1390 3221 Intercapedo
1418 3175 1438 3210 b
1461 3175 1466 3221 Ι
1488 3173 1702 3210 interiectio
1729 3175 1777 3210 bc
1796 3176 1808 3221 ΙΙ
