2170 3522
283 190 367 232 352
938 182 1149 218 GLOSSAE
1176 181 1369 217 ABAVVs

282 300 621 354 Inconspiguum
654 297 885 338 obscurum
1061 337 1065 340 ,
1167 291 1353 335 Incurba
1385 290 1568 333 decliuia
1598 305 1735 346 prona

282 372 437 414 Incolit
470 368 696 425 praeponit
1168 363 1403 406 Incurbato
1437 364 1668 418 depraesso
2038 373 2073 398 30

281 443 457 485 Incoma
489 454 689 482 mensura
722 438 910 479 militum
1168 435 1366 478 Incurbis
1399 435 1521 478 uncis

282 515 520 556 Incolomes
555 526 684 553 sanus
1168 507 1342 549 Incuria
1372 507 1648 563 neglegentia

245 599 260 623 ⁵
281 584 607 628 Incommodum
640 583 845 624 damnum
1169 579 1418 622 Incuriosus
1452 580 1543 621 sine
1577 578 1699 621 sonio

281 657 583 700 incommodus
616 653 784 696 inutilis
1168 651 1346 693 Incursa
1377 651 1580 693 uniuersa

279 728 495 784 Incompti
527 725 790 782 inconpositi
823 723 1058 779 inexpositi
1167 723 1356 765 Incussit
1389 723 1557 779 inpegit
2039 731 2074 756 35

280 786 542 843 Inconcussa
573 797 917 840 incontaminata
1168 794 1490 836 Incustoditum
1521 809 1609 836 non
1642 794 1960 836 obseruandum

229 958 261 981 10

228 1315 260 1339 15

280 873 571 928 Incongruum
603 874 774 925 turpem
804 865 1075 924 indignum1)
1168 866 1390 908 Incurauit
1420 866 1599 908 incessit

281 944 591 998 Inconplexum
623 938 1070 997 inconpraehensibile
1168 938 1401 994 Inadeptus
1436 939 1691 980 consecutus
1725 937 1906 992 adeptus

280 1016 564 1058 Inconsuetus
599 1015 800 1057 desuetus
1169 1010 1356 1066 Indagat
1388 1010 1628 1065 inuestigat
1660 1009 1841 1064 inquirit

281 1087 618 1129 Inconsultando
646 1087 691 1128 in
717 1085 898 1128 consilio
931 1083 1129 1125 habendo
1169 1082 1398 1138 Indagatio
1431 1080 1692 1136 inquaesitio
2039 1090 2074 1114 40

281 1160 630 1202 Incontaminata
660 1158 826 1199 intacta
857 1156 1043 1198 inlibata
1169 1154 1386 1210 Indegena
1418 1154 1515 1195 inde
1547 1156 1676 1195 natus

282 1232 538 1274 inconstans
561 1229 703 1271 animo
731 1228 883 1270 debilis
910 1226 1130 1269 instabilis
1169 1226 1387 1268 Indemnis
1422 1225 1513 1267 sine
1547 1226 1702 1267 damno

280 1302 573 1345 Incrementat
605 1301 760 1343 crescit
792 1300 939 1341 initiat
1169 1298 1326 1339 Indens
1358 1298 1551 1340 inserens

282 1375 601 1418 lucrementum
635 1375 918 1433 augmentum
1169 1370 1338 1412 Iudicat
1376 1370 1551 1412 disserit
1584 1371 1757 1425 separat
1788 1369 1858 1410 uel
1895 1368 2022 1424 punit

282 1447 532 1489 Incredulus
565 1445 753 1501 perfidus
786 1444 942 1485 infidus
1168 1441 1381 1484 Indicium
1414 1442 1636 1498 ingenium
1669 1443 1974 1496 argumentum
2037 1446 2074 1472 45

279 1519 530 1562 Inconuicta
574 1532 661 1559 non
710 1519 865 1572 parata
909 1517 984 1556 aut
1034 1528 1132 1556 0011-
1169 1513 1432 1556 Indissertus
1465 1514 1518 1556 ab
1552 1514 1694 1556 infans
2047 1516 2114 1547 83Π

337 1590 602 1632 uencendum
1167 1584 1381 1641 Indigitat
1413 1586 1588 1628 inuocat

279 1661 480 1716 Increpat
513 1661 695 1717 corrigit
727 1659 869 1701 munit
1167 1656 1329 1699 Indidit
1362 1658 1556 1713 inposuit

226 1746 241 1770 2>
280 1733 478 1788 Increpat
509 1733 711 1775 irascitur
743 1732 812 1773 uel
845 1730 1078 1785 exprobrat
1166 1728 1371 1771 Indocilis
1405 1730 1479 1784 qui
1509 1729 1626 1784 potis
1659 1729 1812 1771 doctus
1826 1727 1862 1786 2)

279 1805 486 1846 Increscit
518 1805 665 1861 gliscit
1167 1800 1348 1843 Indiden
1380 1817 1431 1843 ex
1462 1801 1617 1843 indeoa
2039 1806 2074 1832 5⁰

279 1876 469 1918 Increuit
500 1876 760 1918 informatur
792 1875 975 1917 inoleuit
1168 1873 1340 1915 Inducit
1374 1873 1580 1915 charaxat

279 1947 464 1989 Incubar
497 1949 570 2003 qui
602 1963 669 1990 res
703 1947 865 1988 alienas
898 1948 1018 1988 tenet
1168 1944 1418 2001 Indignatio
1450 1946 1515 1986 ira

279 2019 490 2062 Incubens
523 2020 695 2062 inclinis
1169 2016 1468 2059 Indiscrimine
1500 2017 1547 2059 in
1577 2017 1767 2073 pericolo

229 2091 474 2133 ἱ,13111001οἃ1
508 2092 726 2133 consultat
1168 2088 1361 2130 Inditum
1393 2089 1594 2131 inherens

280 2162 521 2205 Inculcauit
552 2163 791 2205 insinuauit
1169 2160 1402 2216 Indupetat
1433 2161 1598 2216 inpedit
2038 2165 2072 2190 ⁵5

279 2234 536 2277 Incumbens
600 2250 761 2290 pronus
823 2233 994 2275 innixae
1060 2232 1128 2273 uel
1168 2232 1376 2274 Indubiae
1409 2233 1660 2274 indumenta

339 2307 555 2348 confidens
1168 2304 1371 2346 Indubies
1403 2319 1487 2359 pax
1518 2305 1633 2346 bello
1667 2307 1889 2346 manentes

281 2377 588 2420 Incimctanter
649 2378 945 2419 induuitanter
1002 2376 1130 2417 intre-
1168 2376 1371 2418 Indulens
1406 2391 1502 2431 spes
1534 2376 1579 2417 in
1611 2391 1743 2431 puero

339 2450 463 2504 pidae
1168 2448 1363 2504 Indulgit
1395 2449 1527 2490 donat

378 2581 410 2624 1)
435 2579 470 2612 in
498 2592 523 2614 s.
551 2593 580 2615 v.
608 2591 674 2614 scr.
695 2581 706 2624 ΙΙ
727 2579 761 2624 ⁴2)
787 2590 808 2611 0
834 2590 878 2613 ea:
904 2590 926 2612 u
953 2582 1113 2614 correcta
1132 2580 1142 2623 ΙΙ

378 2705 405 2733 1.
434 2698 722 2743 Inconspicuum,
744 2698 874 2732 abedo
894 2700 904 2743 ΙΙ
924 2702 956 2731 4.
984 2696 1180 2731 Incolomis
1206 2698 1254 2732 de
1276 2698 1281 2743 Ι
1305 2707 1414 2731 sanos
1441 2697 1517 2732 abc
1541 2698 1552 2742 ΙΙ
1578 2700 1610 2733 5.
1637 2696 1775 2731 danum
1801 2709 1850 2733 ac
1869 2698 1880 2742 ΙΙ
1900 2702 1931 2733 6.
1959 2696 2016 2731 Ι11-

281 2759 483 2792 commodis
510 2770 559 2794 ac
578 2761 589 2802 ΙΙ
610 2763 641 2793 7.
668 2756 917 2801 incontempti
942 2758 1021 2801 (1011
1043 2761 1096 2792 10.
1123 2756 1524 2802 inconprehensibilem
1551 2769 1600 2793 ac
1618 2760 1630 2803 ΙΙ
1658 2762 1709 2792 18.
1737 2756 1932 2791 Inconuita
1958 2769 2018 2792 ac.

283 2817 522 2852 [neonium-ta
547 2819 597 2853 (Ze
621 2820 625 2861 Ι
646 2819 782 2861 parata
808 2817 855 2850 ad
883 2818 1015 2851 abedo
1038 2820 1042 2861 Ι
1065 2817 1358 2851 conuincendum
1384 2818 1518 2852 abedo
1537 2819 1549 2863 ss
1572 2822 1624 2853 19.
1645 2816 1764 2851 monit
1788 2817 1837 2852 de
1855 2818 1868 2862 ΙΙ
1887 2821 1942 2852 22.
1964 2816 2017 2850 111-

282 2878 444 2912 famatur
475 2879 523 2913 (Ze
561 2879 571 2922 ΙΙ
610 2882 665 2912 23.
692 2876 848 2910 Incubat
873 2877 921 2911 de
957 2878 969 2920 11
1008 2882 1062 2912 28.
1089 2876 1347 2912 indubitanter
1371 2878 1506 2912 abcdc
1537 2879 1548 2921 ΙΙ
1587 2881 1641 2912 29.
1671 2876 1826 2911 [ncurua
1851 2877 1983 2911 abedo
2011 2875 2015 2923 Ῑ

282 2936 428 2971 declina
454 2939 557 2973 aede
583 2938 593 2982 ΙΙ
620 2942 676 2972 30,
703 2937 901 2970 Incurnato
928 2927 1060 2971 (rhode
1085 2939 1096 2978 ΙΙ
1123 2941 1177 2972 31.
1203 2936 1371 2971 Incuruis
1398 2937 1531 2972 «bede
1550 2939 1561 2982 ΙΙ
1587 2941 1641 2972 36.
1670 2936 1909 2971 obseruatum
1935 2937 1983 2971 de
2007 2936 2019 2982 ΙΙ

283 3000 336 3030 39.
367 2996 514 3039 ludigat
539 3010 586 3032 ac
605 2999 617 3041 il
636 3000 690 3031 40.
714 2995 901 3039 Indigatio
922 3007 969 3030 ac
993 2997 996 3039 Ι
1020 2994 1214 3039 inquisitio
1235 2997 1282 3031 (le
1301 2999 1312 3042 ΙΙ
1334 3001 1387 3032 41.
1410 2996 1590 3041 Indigena
1610 2997 1686 3032 bde
1705 2997 1716 3041 ΙΙ
1735 2999 1791 3031 46.
1812 2995 1876 3041 ab]
1899 3007 1969 3040 αχρ
1989 3007 2016 3031 e.

282 3046 328 3099 affl»
355 3068 380 3089 ι’.
408 3068 472 3090 om.
494 3057 571 3092 abc
607 3057 618 3101 ΙΙ
655 3060 711 3090 49.
739 3054 828 3099 quin
854 3053 978 3099 potius
1005 3056 1091 3089 abc.
1142 3055 1204 3098 qni
1232 3055 1363 3090 docere
1389 3066 1463 3089 non
1487 3057 1614 3100 potest
1640 3056 1746 3100 (post
1771 3057 1803 3098 e)
1831 3055 1878 3089 de
1918 3059 1923 3099 Ι
1962 3053 2018 3088 111-

283 3114 411 3147 doctus
438 3115 485 3149 de
513 3117 524 3160 ΙΙ
556 3118 611 3148 50.
640 3113 807 3148 Indidem
834 3114 882 3148 de
913 3116 924 3158 ΙΙ
956 3117 1011 3147 51.
1040 3116 1194 3149 caraxat
1218 3116 1267 3150 (Ie
1298 3118 1309 3161 ΙΙ
1340 3118 1395 3150 53.
1422 3114 1587 3159 periculo
1614 3114 1747 3150 abcde
1777 3114 1788 3158 ΙΙ
1826 3117 1882 3149 55.
1910 3113 2017 3148 Indo-

283 3173 396 3217 pmlnt
416 3175 500 3209 ube.
546 3174 757 3218 indupedat
781 3174 829 3208 de
847 3176 860 3219 ΙΙ
879 3177 933 3209 57.
965 3186 1114 3209 manens
1141 3177 1273 3211 abccle
1291 3177 1303 3221 ΙΙ
1322 3179 1376 3211 58,
1406 3175 1552 3210 Indoles
1578 3187 1622 3211 ex
1646 3173 1820 3208 Indolens
1845 3174 1870 3209 d
1888 3175 1900 3219 ΙΙ
