2232 3548
348 194 431 229 XVI
1085 191 1357 227 PRAEFATIO

348 305 554 345 tractavit
576 303 765 345 codicem
780 302 983 344 Minton
998 301 1211 343 YVarren
1233 302 1277 343 in
1300 301 1508 356 opusculo
1529 301 1668 343 bonae
1688 301 1829 358 frugis
1844 302 2099 358 plenissimo

347 377 511 417 inserto
533 375 645 416 libro
675 375 746 430 qui
768 374 1023 415 inscribitur
1044 373 1374 415 ‘Transactions
1397 372 1445 414 of
1460 373 1534 414 the
1555 372 1789 416 American
1808 373 2100 430 Philological

346 445 647 489 Association'
676 445 859 487 x-01.XV
888 444 942 501 (a.
967 443 1102 501 1885)
1128 461 1168 500 p.
1198 446 1293 499 1:26,
1324 444 1424 499 1883
1457 444 1570 486 idem
1599 445 1861 501 glossarium
1887 445 2022 487 edidit
2048 460 2100 487 ex

349 533 426 559 suo
461 518 733 573 apographo,
766 516 964 571 plagulas
998 515 1245 571 KaegiUS,
1277 515 1501 570 professor
1532 516 1795 573 Turicensis,
1827 518 1967 559 denuo
2000 531 2099 559 cum

346 589 578 644 exemplari
629 587 899 644 Sangallensi
945 587 1141 628 contulit.
1209 586 1308 642 Ipse
1355 587 1640 643 apographon
1685 603 1797 630 anno
1843 589 1957 631 1884
2001 596 2122 630 eon-'

345 661 544 714 feceram,
578 675 627 700 cx
656 674 739 713 quo
767 673 926 713 paucas
953 658 1163 700 lectiones
1191 673 1288 700 cum
1315 657 1588 701 Warrenio
1617 659 1945 702 communicavi.
1987 659 2098 702 Cum

345 734 491 772 tamen
517 731 629 771 inter
656 746 799 771 meum
827 730 1112 785 apographon
1138 733 1182 772 et
1209 730 1444 772 editionem
1465 730 1800 773 WVarrenianam
1824 731 1941 773 haud
1960 745 2099 786 pauca
2125 769 2128 771 .

345 802 483 857 magis
523 802 716 844 minusve
757 803 995 858 differrent,
1035 801 1461 844 Gundermannus
1498 802 1616 844 illins
1651 802 1888 844 editionem
1926 802 2093 844 adscito
2140 846 2147 853 ,

347 887 441 913 nico
476 874 726 929 apographo
761 874 1095 930 diligentissime
1135 889 1231 916 cum
1270 875 1366 930 ipso
1402 874 1547 916 codice
1581 874 1780 916 contulit.
1844 873 1968 923 Quod
2000 889 2098 916 cum

341 945 403 985 ita
438 945 507 999 sit,
539 945 584 986 in
614 945 813 987 omnibus
842 960 949 1000 quae
977 945 1226 1000 discrepant
1254 961 1278 987 a
1305 946 1361 987 W
1372 946 1578 988 arrenio
1613 961 1732 987 meae
1760 945 1940 987 editioni
1967 946 2098 988 fidem

341 1016 541 1057 habitum
568 1016 620 1057 iri
648 1017 826 1058 confido.
860 1016 1006 1058 Vnum
1033 1018 1275 1059 addendum
1302 1020 1388 1059 est:
1416 1032 1483 1058 me
1510 1028 1563 1059 ne
1589 1018 1718 1059 huius
1741 1017 1915 1072 quidem
1936 1017 2097 1059 codicis

343 1088 597 1142 compendia
629 1089 881 1143 repetivisse
916 1089 1082 1143 omnia,
1118 1105 1195 1132 nec
1221 1090 1364 1131 ‘verba
1396 1089 1668 1140 litterulasve
1701 1089 1813 1130 male
1848 1089 2097 1131 anteceden-

339 1159 455 1200 tibus
489 1163 563 1201 aut
596 1160 960 1215 subsequentibus
995 1161 1199 1203 adiuncta
1231 1161 1393 1216 ubique
1428 1152 1685 1203 eiiotavisse.

458 1233 483 1283 ξ
520 1232 582 1273 13.
641 1231 708 1273 Ex
741 1232 920 1286 reliquis
954 1232 1180 1288 glossariis
1219 1233 1389 1274 nullum
1426 1233 1528 1275 novi
1569 1233 1683 1287 quod
1723 1231 1843 1274 omni
1883 1247 1935 1274 ex
1971 1234 2095 1287 parte

342 1317 437 1343 cum
467 1302 799 1359 Sangallensi
828 1304 1067 1358 conspiret:
1093 1319 1232 1359 neque
1266 1307 1414 1346 tamen
1441 1304 1614 1359 desunt,
1646 1304 1691 1345 in
1724 1303 1883 1359 quibus
1916 1304 2095 1357 eandem

340 1374 428 1415 fere
455 1374 680 1416 materiem
707 1375 901 1416 invenias
930 1390 1136 1430 quaeque,
1164 1390 1259 1417 cum
1289 1376 1437 1417 ordine
1465 1375 1606 1432 magis
1633 1375 1830 1417 minusve
1857 1375 2092 1417 arbitrario

341 1446 552 1500 disposita
586 1446 685 1501 sint,
719 1461 815 1488 cum
845 1445 1181 1502 Sangallensi
1213 1446 1259 1488 in
1290 1461 1426 1488 unum
1454 1447 1658 1488 confundi
1683 1447 1803 1490 nullo
1831 1448 2093 1490 detrimento

338 1517 572 1571 potuerint.
635 1517 806 1559 Adsciti
839 1521 940 1560 sunt
972 1518 1110 1574 igitur
1144 1518 1311 1560 codices
1344 1518 1410 1560 hi:

462 1587 506 1645 1)
533 1590 664 1631 codex
690 1589 1069 1632 Ambrosianus
1096 1590 1132 1631 B
1155 1591 1208 1632 31
1233 1606 1338 1647 sup,
1365 1591 1735 1646 membranaceus,
1761 1591 1848 1633 215
1873 1590 2093 1648 foliorum,

340 1660 498 1702 sacculi
525 1661 595 1702 IX.
665 1661 716 1702 111
747 1661 853 1703 folio
886 1662 1077 1716 praefixo
1111 1662 1318 1717 leguntur
1349 1662 1477 1704 haec:
1522 1663 1650 1705 Hunc
1680 1664 1872 1718 codicem,
1910 1664 1983 1717 qm·
2013 1663 2093 1705 ali-

337 1734 499 1784 quando
534 1733 618 1785 fnit
655 1734 932 1775 Bibliothecae
970 1735 994 1774 d
1034 1733 1075 1776 S.
1110 1733 1361 1776 Colmnbcmo
1399 1734 1526 1788 Bosz
1562 1736 1776 1777 institutae
1813 1733 1935 1776 «ῙῆΜο
1967 1733 2092 1777 Card.

338 1803 383 1844 F
380 1805 530 1846 oderico
551 1804 832 1847 Borrhomaco
853 1805 1043 1847 Ambros.
1064 1806 1297 1848 Bibliothfle
1319 1806 1538 1858 fundatori
1557 1805 1876 1860 Reliyiosz'ssimi
1895 1805 1938 1848 S.
1959 1805 2092 1848 Bene-

338 1875 435 1916 dico·
467 1875 612 1917 Pam-05
643 1877 774 1918 simila·
805 1877 946 1918 donate·
981 1891 1147 1919 munere
1180 1878 1443 1919 libentissime
1476 1878 1746 1919 tradiderunt.
1808 1877 1936 1919 Auno
1968 1880 2091 1920 1606.

338 1945 488 1987 Paullo
530 1950 631 2001 post
675 1948 851 2003 scripsit
896 1949 982 1990 alia
1026 1964 1201 1991 manus:
1249 1950 1399 1991 Vemstw
1436 1949 1715 2002 Antiquitatis
1759 1950 1880 1991 codex
1915 1950 2092 2003 scriptus

337 2021 509 2072 temporo
546 2019 744 2061 Ludovz'ca'
781 2020 870 2073 Pii,
909 2023 955 2061 w}
990 2021 1035 2062 m
1072 2022 1155 2074 sinc
1191 2021 1388 2062 Lamnae
1424 2021 1481 2062 acl
1516 2021 1664 2062 calcem
1703 2021 1888 2063 Antonio
1929 2019 2090 2075 Olyz'ato

336 2091 511 2131 ciusdem
544 2091 717 2133 biblioth.
752 2091 871 2133 Amb.
905 2106 1030 2145 quam
1053 2094 1222 2146 primus
1253 2093 1439 2133 011111111111
1472 2093 1665 2134 tractavit
1698 2091 1924 2144 Praefecto.
1982 2089 2091 2134 Con-

337 2161 448 2202 tinet
486 2162 596 2203 liber
634 2163 679 2203 in
716 2162 787 2204 fol.
820 2164 1030 2205 1Υ--10911
1070 2163 1263 2205 Isidori
1303 2162 1590 2218 differentias3
1634 2163 1680 2205 in
1717 2163 1789 2205 fol.
1819 2164 2091 2205 1101—-11411

336 2232 529 2274 Isidori
564 2234 613 2275 de
648 2234 966 2290 orthographia
998 2238 1258 2290 tractatum,
1289 2235 1336 2276 in
1367 2235 1439 2277 fol.
1467 2235 1742 2277 11511--116ιι
1771 2237 2011 2277 tractatum
2037 2235 2088 2276 de

337 2304 751 2359 praepositionibus3
772 2305 816 2346 in
831 2305 901 2347 fol.
921 2307 1187 2348 117”-211Ϊ
1207 2306 1545 2362 glossarium3
1566 2306 1611 2347 in
1630 2305 1702 2348 fol.
1719 2306 1999 2348 21112—-21511
2019 2321 2088 2348 res

340 2375 445 2415 varii
479 2376 660 2432 generis,
694 2392 800 2431 quas
834 2392 1083 2419 enumerare
1116 2377 1228 2419 nolo.
1296 2377 1570 2419 Glossarium
1601 2377 1756 2432 incipit
1789 2378 1842 2419 ab
1877 2377 2090 2432 Alleyoria

335 2447 591 2499 spiritualia,
631 2448 846 2489 Acolotlce'n
883 2450 1153 2504 ecclesiasten,
1188 2450 1408 2491 Ambrosia
1440 2450 1607 2504 diuina,
1649 2448 1847 2504 explicit:
1889 2448 2090 2491 Zcbcdeus

335 2519 509 2560 donatas
546 2520 632 2560 sinc
669 2520 800 2571 fluens
841 2521 926 2573 istc,
966 2521 1130 2563 Zardas
1173 2522 1377 2563 alienatus
1416 2521 1555 2562 ualde:
1598 2520 1756 2575 quibus
1807 2519 1892 2561 alia
1932 2533 2086 2562 manus

337 2604 461 2630 voces
501 2590 642 2631 varias
682 2591 933 2632 animalium
973 2592 1168 2634 subiecit.
1232 2592 1380 2648 Longe
1420 2591 1609 2634 maxima
1645 2592 1801 2634 harum
1840 2591 2086 2648 glossarum

336 2675 435 2714 pars
481 2662 682 2716 congruit
727 2677 824 2703 cum
871 2662 1228 2719 Sangallensi3
1276 2678 1360 2718 qua
1404 2664 1467 2705 ita
1503 2679 1606 2706 usus
1647 2679 1762 2719 sum,
1806 2665 1856 2704 ut
1894 2662 2086 2705 discre-

335 2732 542 2786 pantias
580 2732 813 2786 potiores
852 2736 1022 2776 tantum
1065 2735 1294 2790 apparatui
1333 2735 1591 2791 insererem3
1632 2750 1740 2790 quae
1784 2734 1956 2790 glossae
1988 2732 2086 2776 reli-

337 2818 444 2857 quae
472 2806 572 2845 sunt
599 2801 780 2859 (multae
808 2805 852 2845 in
878 2804 916 2845 A
942 2805 1110 2859 littera,
1142 2806 1429 2861 paucissimae
1462 2806 1508 2848 in
1541 2806 1720 2861 reliquis
1745 2803 1947 2862 litteris),
1980 2805 2085 2848 olim

336 2874 372 2915 si
406 2875 516 2915 tanti
556 2875 638 2916 erit
679 2876 824 2930 aliqua
857 2892 907 2918 ex
941 2880 1064 2931 parte
1098 2879 1414 2920 tractabuntur.
1479 2878 1631 2933 Itaque
1670 2892 1722 2920 ex
1760 2877 1935 2919 silentio
1972 2876 2084 2918 nihil

336 2946 533 2987 concludi
556 2950 703 3001 potest
722 2947 807 2988 nisi
826 2948 929 2990 hoc:
957 2949 1149 3004 glossam
1177 2952 1251 2990 aut
1272 2950 1417 2991 deesse
1445 2950 1490 2991 in
1509 2949 1856 2991 Ambrosiano
1884 2951 1959 2991 aut
1985 2963 2084 2991 eon-

336 3017 494 3058 sentire
529 3021 602 3060 ant
635 3018 817 3073 denique
850 3019 914 3061 ita
945 3020 1202 3076 discrepare,
1235 3023 1284 3062 ut
1312 3036 1466 3075 operae
1493 3021 1684 3076 pretium
1715 3035 1804 3062 non
1836 3019 1895 3061 sit
1926 3019 2083 3062 discre-

333 3088 527 3142 pantiam
564 3089 804 3132 adnotasse.
855 3090 1057 3146 Exempli
1091 3106 1221 3134 causa
1253 3091 1448 3134 litteram
1476 3090 1514 3134 G
1545 3092 1660 3134 infra
1687 3079 1911 3133 exhibebo.
1967 3090 2084 3147 Apo-

334 3159 500 3215 grapho
534 3174 637 3201 usus
670 3176 766 3202 sum
798 3160 1084 3205 Loewiano.

2223 2582 2232 2873 -;-....-..-*-..„..,.
2227 2503 2232 2529 .,.
2228 2464 2232 2484 ..

2215 3151 2232 3386 ‘U·M‘n.2un—
2219 2998 2232 3141 κει-μιμαι-
2223 2938 2232 2988 -.·.-
