2232 3548
362 202 460 237 XLII
1098 195 1372 231 PRAEFATIO

363 311 552 352 adiectas
587 323 678 350 esse
712 323 762 349 ex
795 305 1027 362 specimine
1062 305 1301 359 apparebit.
1334 328 1391 333 -—
1424 302 1912 346 Contaminatarum
1951 303 2116 363 glossa-

363 397 460 423 rum
498 381 603 422 haec
641 379 837 433 exempla
875 390 1011 431 pono:
1050 376 1296 418 Abusitatus
1334 376 1474 418 minus
1510 376 1735 417 instructus
1770 375 1837 417 uel
1870 374 2118 429 contempnit

363 451 435 508 (cf.
451 467 501 493 ex
522 449 756 493 ‘abavus'
779 448 938 504 glossis
958 447 1168 502 plenioris
1190 439 1445 489 memoriae:
1465 447 1664 489 Abusitat
1681 447 1873 489 usminus
1891 446 2117 488 instructus

363 523 596 576 inscientia,
641 521 840 563 Abutitur
879 519 987 561 male
1029 520 1162 560 utitur
1205 519 1426 560 contemnit
1467 521 1630 560 recusat
1668 515 1920 574 renuntiat),
1964 516 2118 560 Glaber

363 595 506 636 caluus
542 605 663 634 rasus
695 591 796 633 lenis
832 590 898 631 uel
934 591 1043 642 quod
1078 591 1166 632 sine
1197 590 1287 644 pilo
1331 593 1389 632 est
1422 587 1494 646 (cf.
1531 589 1738 631 Glabrum
1775 589 1885 643 quod
1912 589 2002 631 sine
2026 588 2117 642 pilo

364 668 431 717 est,
465 663 617 706 Glaber
647 662 791 704 caluus
821 674 945 703 rasus
978 661 1079 702 leuis
1109 661 1175 702 uel
1208 658 1346 717 lenis),
1380 660 1675 702 contractio
1708 659 1826 702 facta
1858 662 1925 701 est
1952 660 1998 701 in
2027 659 2118 702 his:

363 735 543 788 Adoptio
567 734 751 787 filiorum
778 732 955 774 imitatio
975 731 1000 785 (
996 731 1176 784 Adoptio
1193 744 1299 784 pene
1323 735 1482 773 natura
1506 731 1688 773 emitatio
1713 729 1786 772 hoc
1803 734 1861 773 est
1879 730 2119 787 adfiliatio),

364 807 524 849 Acerra
540 805 613 857 far
631 805 739 858 quod
761 803 980 856 sacrificiis
999 802 1239 845 adibebatur
1257 803 1323 844 icel
1343 803 1473 844 turris
1491 802 1678 844 lierculas
1696 801 1850 844 arcella
1868 802 2036 844 turaria
2053 801 2122 844 uel

364 876 602 919 turabulum
640 874 711 931 (cf.
737 876 892 917 Acerat
919 874 990 926 fas
1020 875 1128 927 quod
1163 874 1414 927 sacrificium
1445 873 1678 924 adhibetur,
1710 872 1847 915 Acera
1877 886 2020 915 mensa
2055 873 2122 915 uel

365 944 644 1003 turabulum):
689 949 738 988 ut
781 946 867 987 alia
911 945 1096 987 mittam.
1168 944 1239 986 Sic
1282 944 1420 1001 igitur
1463 944 1553 986 tela
1589 946 1758 985 retexta
1801 957 1889 985 non
1934 946 2001 985 est
2045 957 2121 986 cur

365 1018 628 1075 glossarium
655 1018 823 1060 edatur:
851 1017 886 1059 si
915 1016 1017 1072 quid
1044 1016 1147 1058 boni
1174 1015 1281 1058 insit
1307 1016 1436 1070 idque
1464 1015 1636 1057 aliunde
1660 1029 1749 1056 non
1774 1017 1940 1070 notum,
1965 1017 2120 1071 postea

365 1093 630 1145 excerpetur.
1322 1139 1333 1148 ι

485 1159 551 1202 De
597 1159 694 1202 aliis
740 1159 968 1215 glossariis
1014 1173 1111 1200 cum
1157 1158 1217 1200 eis
1267 1172 1376 1212 quae
1415 1157 1701 1199 tractavimus
1739 1157 1880 1212 magis
1925 1157 2122 1200 minusve

369 1231 588 1287 cognatis,
620 1231 740 1272 velut
773 1231 823 1271 cle
857 1229 1017 1285 glossis
1049 1228 1414 1284 Amplonianis
1448 1228 1584 1283 deque
1619 1227 1776 1284 glossis
1808 1227 2047 1270 Rhabani
2079 1231 2124 1270 et

366 1302 609 1356 Keronis,
641 1301 727 1343 alio
760 1301 855 1343 loeo
889 1300 1129 1342 disserendi
1161 1300 1245 1341 erit
1279 1300 1596 1354 opportunitas.

487 1375 511 1425 ξ
539 1373 607 1415 23.
645 1372 904 1414 Extremum
930 1370 1217 1426 praefationis
1243 1371 1389 1413 locum
1414 1373 1562 1413 teneat
1589 1370 1840 1427 glossarioli
1865 1369 2125 1427 fragmen-

367 1448 473 1486 tum
496 1441 806 1485 Coloniense
829 1442 965 1485 archii
987 1442 1276 1496 municipalis,
1298 1442 1403 1484 olim
1423 1442 1678 1484 monasterii
1696 1440 1930 1484 S.Martini
1945 1441 2123 1484 maioris

368 1540 424 1545 —
446 1514 533 1557 ΕΓΒ.
560 1515 609 1556 Β.
637 1513 798 1556 CXXX
818 1538 876 1543 -—
897 1513 1160 1568 rescriptum
1186 1513 1348 1554 litteris
1375 1513 1621 1556 uncialibus
1650 1514 1858 1556 saeculo
1886 1513 2124 1568 septimo.

370 1587 435 1629 De
468 1587 610 1642 prima
636 1586 851 1640 scriptura
879 1583 1001 1641 (Cod.
1023 1583 1179 1626 Iustin.
1201 1585 1240 1639 3,
1260 1585 1329 1639 32,
1350 1583 1516 1640 4-12)
1551 1583 1602 1626 cf.
1630 1584 1870 1640 disputatio
1897 1583 2126 1626 Gunder-

370 1658 560 1712 manni,
588 1672 696 1712 quae
723 1671 824 1698 111οΧ
850 1656 895 1698 in
914 1655 1066 1697 Museo
1087 1655 1299 1697 Rhenano
1328 1657 1489 1698 edetur.
1535 1654 1716 1697 Glossae
1743 1655 1894 1697 insunt
1917 1655 1998 1697 hae
2026 1653 2126 1712 (f.²):

371 1729 586 1783 Caupones
618 1728 848 1770 tabernarii
878 1728 943 1769 uel
974 1728 1124 1768 uinum
1156 1728 1386 1778 uinclentes,
1419 1727 1597 1769 Carmen
1627 1727 1736 1780 quod
1757 1730 1883 1780 poeta
1913 1727 2126 1782 componit,

374 1799 574 1843 Calcaneo
607 1802 724 1842 tenus
754 1813 881 1853 usque
912 1799 969 1840 acl
997 1799 1248 1852 calcaneum,
1280 1797 1480 1840 Calamus
1511 1812 1658 1849 canna,
1691 1797 1835 1840 Coetus
1865 1798 2011 1840 bistiae
2039 1812 2127 1840 ma-

375 1873 495 1914 rinae
526 1872 572 1912 icl
601 1873 660 1912 est
680 1871 816 1924 pisces
846 1870 1031 1923 orandis,
1068 1868 1278 1911 Carcerem
1303 1869 1373 1910 ubi
1403 1870 1464 1911 rei
1494 1870 1761 1924 clauduntur,
1800 1868 1990 1912 Carceres
2019 1871 2128 1912 unde

373 1943 601 1996 quadrigae
631 1942 884 1995 emittuntur,
918 1939 1147 1983 Caneulum
1172 1940 1341 1982 flubium
1366 1940 1616 1995 a-mbiyuum,
1650 1939 1806 1982 Cauere
1832 1941 2038 1982 declinare
2061 1940 2128 1983 uel

371 2013 662 2067 supterfuyire,
702 2011 837 2054 Chaos
875 2012 1058 2063 confusio
1101 2012 1413 2053 aclimentorum
1451 2012 1754 2066 prosimilitate,
1799 2010 1990 2054 Caribdis
2035 2012 2127 2054 sub-

372 2084 520 2126 mersio
553 2087 683 2125 ierrae
713 2084 778 2125 uel
802 2086 1062 2136 peecatorum
1092 2096 1257 2138 uorayo,
1290 2081 1447 2124 Celebre
1475 2083 1684 2135 famosum
1715 2096 1924 2137 maqnum,
1957 2081 2128 2126 Celebri-

373 2158 436 2197 tas
474 2158 673 2196 conuentu
708 2154 941 2207 frequentia
977 2154 1043 2196 uel
1079 2153 1348 2208 sollemnitas,
1390 2153 1474 2196 Ceu
1505 2154 1627 2206 quasi
1657 2166 1728 2195 seu
1759 2154 1905 2206 ueluti,
1943 2152 2129 2197 Censura

372 2227 576 2269 iudicium
614 2239 705 2268 cum
744 2226 975 2280 seueritate,
1018 2224 1168 2268 Cerula
1205 2224 1253 2278 (u
1290 2239 1378 2266 non
1417 2224 1525 2266 satis
1566 2225 1704 2277 certa)
1742 2225 1895 2280 celena,
1934 2223 2128 2268 Censores

374 2298 527 2340 iudices
559 2297 849 2350 aestimatores,
883 2295 1032 2338 Cerula
1062 2297 1196 2350 niqra,
1230 2294 1375 2338 Censio
1405 2296 1539 2338 iudico
1571 2309 1641 2338 seu
1664 2299 1812 2350 statuo,
1844 2295 1987 2338 Cernit
2008 2295 2129 2350 uidit,

376 2367 537 2410 Celsum
579 2368 797 2422 excelsum,
841 2366 992 2409 Celibes
1033 2368 1107 2420 qui
1149 2368 1237 2409 sine
1278 2367 1465 2421 eoniuyio
1508 2368 1634 2422 uiuit,
1680 2366 1818 2422 Celeps
1857 2370 1994 2410 castus
2039 2379 2130 2409 con-

377 2440 509 2481 tinens
540 2438 763 2492 solitarius,
795 2437 982 2480 Caeralis
1012 2439 1178 2480 decorus
1206 2438 1423 2490 formosus,
1457 2437 1603 2496 Cerere
1627 2452 1754 2492 pane,
1785 2438 1989 2481 Caelebris
2015 2451 2130 2492 yene-

376 2511 481 2552 rosis
513 2509 682 2562 nubilis,
721 2508 910 2551 Cessatus
940 2512 1173 2563 cunctatus,
1206 2508 1393 2551 Cernuus
1430 2510 1476 2551 in
1513 2513 1638 2564 eaput
1666 2522 1807 2562 ruens,
1839 2508 2130 2552 Celeberrimus

379 2581 560 2634 opinatis
602 2580 668 2621 uel
704 2581 1080 2635 nominatissimus;
1126 2579 1191 2633 (in
1233 2579 1307 2621 fol.
1353 2579 1518 2636 verso):
1564 2580 1711 2623 Censeo
1753 2581 1921 2623 aestimo
1963 2581 2130 2623 decerno

380 2652 515 2692 iudico
546 2651 709 2703 suasim,
742 2650 918 2693 Censum
948 2651 1180 2699 substantia
1211 2652 1277 2693 uel
1307 2652 1548 2706 aestimatiO,
1582 2650 1764 2694 Censura
1791 2652 1911 2706 uiyor
1933 2651 2001 2694 ‘ecel
2024 2663 2131 2693 seue-

379 2722 502 2775 ritas,
536 2720 728 2763 Censores
759 2721 819 2774 (es
851 2737 901 2763 ex
933 2723 970 2764 is
1003 2722 1132 2776 corr.)
1163 2722 1333 2777 iudices,
1369 2720 1510 2764 Cernit
1544 2722 1657 2764 uidet
1692 2722 1941 2777 considerat,
1972 2720 2134 2764 Cecenit

376 2792 590 2845 praediscit
619 2791 773 2834 locutus
804 2797 870 2846 est,
904 2792 1141 2835 Cenocloxus
1169 2792 1282 2845 fame
1310 2796 1494 2846 captator
1518 2793 1585 2834 uel
1609 2806 1745 2834 uanae
1765 2793 1922 2847 yloriae
1946 2793 2130 2846 cupidus,

383 2861 486 2904 Ceue
522 2863 681 2905 inclina
719 2866 769 2914 te,
810 2862 1041 2906 Cimentum
1078 2864 1261 2906 minutor
1300 2864 1485 2917 lapidum
1516 2864 1788 2918 conyreqatio,
1829 2861 2015 2905 Cerealia
2041 2862 2131 2916 fru-

383 2938 536 2987 menta,
575 2933 715 2976 Celsus
751 2934 876 2987 altus,
917 2934 1095 2977 Cei-oseis
1125 2935 1276 2988 nigris,
1310 2934 1464 2977 Cerusa
1494 2935 1635 2989 niqra,
1667 2933 1837 2976 Ceratas
1868 2934 2032 2976 tabulae
2059 2934 2131 2976 ubi

383 3005 627 3058 scribuntur,
660 3003 781 3046 Cetra
812 3008 929 3047 extra
959 3002 1029 3048 seu
1059 3006 1183 3059 ultra,
1216 3004 1336 3047 Cetus
1365 3005 1490 3047 uelux
1520 3008 1762 3059 scucetatus,
1793 3003 1882 3047 Ciet
1910 3007 2134 3047 commouet

382 3090 449 3117 seu
472 3076 539 3128 (eu
559 3075 768 3127 incertae)
785 3108 793 3118 .
809 3109 816 3117 .
831 3109 852 3127 .,
868 3076 961 3119 Cieo
981 3079 1093 3118 uerto
1112 3076 1155 3130 (o
1169 3078 1280 3117 uerte
1299 3075 1523 3131 incertae),
1543 3075 1682 3118 Citum
1700 3075 1824 3130 (itum
1836 3075 2046 3126 incertae)
2062 3108 2070 3116 .
2086 3108 2094 3116 .
2111 3106 2132 3130 .,

386 3146 472 3189 Ciet
497 3147 535 3200 (t
558 3147 742 3198 incerta)
765 3181 772 3189 .
794 3181 801 3188 .
824 3179 845 3199 .,
873 3145 1038 3189 Ciebat.
1061 3180 1069 3189 .
1091 3181 1111 3197 .‚
1138 3145 1404 3201 Ciroyrafum
1424 3180 1432 3188 .
1455 3180 1463 3188 .
1484 3181 1503 3201 .,
1532 3146 1620 3189 Ciet
1645 3149 1689 3189 et
1713 3148 1815 3202 post
1841 3145 1954 3188 circa
1983 3145 2037 3187 12
2062 3145 2132 3187 lit-
