2232 3548
868 198 1138 235 PRAEFATIO
1720 197 1834 232 XXXl
1843 196 1872 231 11

133 309 366 353 ‘abavus'
395 309 647 365 plenioris
674 309 965 364 memoriae,
996 308 1042 363 4)
1066 309 1310 364 glossarum
1338 307 1606 362 ‘aba0t01·’,
1639 307 1689 348 de
1717 308 1873 361 quibus

132 383 324 424 nondum
357 382 536 437 egimus.
597 380 662 421 De
694 380 839 422 codice
872 380 1214 422 Ambrosiano
1253 394 1341 420 non
1377 379 1516 420 habeo
1557 379 1671 433 quod
1704 378 1874 419 addam:

133 454 352 508 specimen
383 455 529 494 autem
559 451 785 506 proposui,
816 454 866 492 ut
893 454 936 492 et
963 453 1196 506 apparatus
1223 450 1335 491 ratio
1363 450 1656 490 illustraretur
1683 451 1725 490 et
1753 448 1876 502 eopia

134 527 249 567 esset
281 525 440 567 codicis
474 522 738 576 conferendi,
772 522 910 564 sicubi
943 522 1083 563 simile
1111 521 1331 575 exemplar
1358 535 1626 562 emersurum
1653 520 1730 574 sit,
1763 519 1875 573 quod

134 610 201 636 me
223 595 361 637 adhuc
380 595 506 651 fugit.
539 594 589 635 In
611 593 770 649 glossis
789 591 1069 633 ‘asbestos'
1092 592 1250 633 codicis
1268 590 1595 633 Cassinensis
1617 591 1878 645 scripturam

133 667 179 708 in
217 668 442 721 contextu,
480 664 638 707 codicis
671 662 920 705 Vaticani
958 661 1294 716 discrepantiam
1331 662 1547 716 potiorem
1585 663 1629 703 in
1668 664 1878 716 apparatu

136 737 328 792 exhibui3
363 736 413 778 cf.
439 752 478 791 p.
506 734 666 776 XVIII.
722 734 789 776 Ex
822 733 1042 775 codicibus
1077 732 1477 774 Cassinensibus
1512 733 1682 774 easdem
1709 732 1879 787 glossas

134 807 457 850 continentibus
490 806 745 848 lectiones
777 803 1194 859 praestantiores
1227 804 1431 858 excerpsi.
1482 803 1545 845 De
1577 803 1755 858 reliquis
1782 803 1881 844 dua-

132 879 214 920 bus
247 878 496 934 appendieis
528 877 725 933 partibus
759 875 1002 917 accuratius
1036 874 1250 929 agendum
1283 877 1359 915 est.

252 962 317 1004 Ac
354 962 544 1017 primum
583 960 755 1015 quidem
795 959 845 1000 de
890 957 1126 1000 ‘abavus'
1172 958 1465 1013 glossarum
1505 958 1740 1012 pleniore
1786 973 1879 998 me-

138 1034 300 1075 moria
326 1034 546 1074 disseram.
605 1030 670 1073 De
698 1031 884 1085 ratione,
918 1044 1025 1084 quae
1052 1029 1168 1070 inter
1195 1029 1362 1084 glossas
1391 1027 1627 1070 eabavus'
1655 1028 1880 1082 utriusque

137 1104 306 1161 generis
344 1103 602 1158 intercedat,
648 1101 888 1144 Loewius
930 1100 996 1141 Gl.
1035 1099 1162 1142 Nom.
1203 1115 1243 1154 p.
1280 1100 1359 1141 101
1400 1100 1506 1141 haec
1547 1098 1716 1141 scribit:
1759 1099 1879 1140 ‘Von

135 1176 216 1217 den
249 1175 419 1231 glossae
453 1173 646 1216 ‘abavus’
681 1208 688 1215 .
723 1207 730 1214 .
763 1207 772 1216 .
805 1173 926 1228 giebt
959 1187 1002 1213 es
1036 1171 1141 1212 zwei
1173 1171 1218 1211 in
1244 1171 1516 1212 zahlreichen
1540 1170 1881 1212 Handschriften

136 1246 356 1288 erhaltene
400 1245 839 1300 Hauptredactionen.
908 1243 989 1284 Die
1031 1242 1368 1297 vollstandigere
1403 1242 1417 1294 ζ
1426 1240 1508 1298 A1)
1553 1242 1611 1283 ist
1653 1242 1767 1283 noch
1808 1257 1882 1283 un-

137 1317 367 1373 gedruckt,
399 1317 466 1358 die
498 1317 679 1358 kurzere
711 1316 856 1357 wurde
889 1315 1001 1356 nach
1034 1315 1108 1355 der
1139 1313 1310 1354 Pariser
1336 1313 1623 1355 Handschrift
1651 1313 1766 1354 7690
1797 1328 1881 1354 von

135 1388 403 1431 Hildebrand
436 1387 697 1443 (Gottingen
732 1383 1265 1443 1854)'ver'(')ffentlicht'.'
1313 1384 1496 1425 Videtur
1526 1384 1664 1439 igitur
1697 1384 1758 1425 sic
1790 1399 1880 1425 rem

135 1460 370 1515 explicare,
413 1463 462 1501 ut
505 1459 798 1501 breviorem
843 1457 1098 1500 memoriam
1137 1471 1187 1497 ex
1231 1456 1466 1510 pleniore
1512 1456 1688 1498 derivet.
1759 1454 1880 1504 Quod

136 1534 251 1574 certe
283 1531 442 1572 falsum
474 1533 551 1572 est.
602 1530 742 1571 Immo
776 1544 983 1584 magnum
1014 1528 1121 1570 illud
1154 1528 1418 1583 glossarium
1444 1527 1788 1570 contaminatum
1816 1530 1881 1568 est

136 1618 187 1644 ex
219 1603 378 1658 glossis
411 1601 646 1643 ‘abavus'
687 1602 773 1656 eis,
813 1616 917 1657 quas
952 1600 1182 1654 edidimus,
1221 1614 1272 1640 ex
1304 1599 1518 1654 glossario
1556 1598 1638 1639 ‘ab
1672 1597 1880 1639 absens'

136 1675 228 1716 eius
262 1674 431 1730 generis
465 1674 580 1728 quod
612 1676 679 1715 est
710 1673 756 1714 in
789 1673 933 1715 codice
966 1671 1208 1713 Parisino
1243 1671 1317 1712 lat.
1354 1671 1514 1726 14087,
1548 1670 1726 1712 adiectis
1760 1669 1881 1710 aliis

135 1745 349 1801 glossis,
382 1745 432 1786 de
466 1745 640 1800 quibus,
672 1747 721 1785 ut
748 1744 798 1785 de
831 1746 927 1785 tota
951 1743 1033 1785 hac
1061 1741 1332 1796 quaestione,
1365 1741 1469 1782 alibi
1496 1744 1661 1797 agetur.
1674 1741 1703 1796 ¹)
1756 1740 1797 1782 N
1802 1756 1882 1782 unc

135 1816 245 1857 nihil
285 1816 438 1857 addere
476 1815 523 1857 in
562 1816 705 1857 animo
745 1818 811 1856 est
848 1815 934 1856 nisi
973 1814 1204 1856 codicum
1249 1827 1513 1854 recensum
1553 1816 1603 1854 et
1641 1812 1882 1854 aestima-

135 1887 340 1929 tionem.
402 1887 581 1942 Reperti
614 1890 716 1928 sunt
748 1887 885 1943 igitur
916 1886 962 1928 hi
995 1885 1181 1928 codices:

259 1970 302 2026 1)
335 1971 468 2012 codex
500 1970 788 2012 Vossianus
821 1970 912 2012 Fol.
945 1970 1001 2012 82
1035 1984 1141 2011 saec.
1174 1968 1252 2010 IX:
1286 1968 1337 2010 cf.
1369 1984 1409 2023 p.
1440 1967 1601 2009 XXIV.

255 2040 302 2097 2)
336 2042 469 2084 codex
501 2042 827 2084 Monacensis
864 2042 1006 2083 1425?
1040 2055 1148 2082 saec.
1180 2039 1260 2081 IX:
1294 2039 1345 2081 cf.
1376 2055 1416 2094 p.
1449 2039 1607 2081 XXIV.

257 2111 303 2170 3)
337 2114 470 2155 codex
506 2112 776 2154 Parisinus
810 2114 884 2154 lat.
915 2112 1055 2154 14087
1093 2126 1201 2152 saec.
1227 2110 1306 2152 IX:
1346 2111 1398 2153 cf.
1423 2127 1464 2166 p.
1489 2110 1656 2166 XXVI;
1695 2110 1881 2165 inspexit

139 2183 573 2226 Gundermannus.

257 2255 304 2312 4)
338 2257 471 2299 codex
507 2255 889 2297 Laurentianus
930 2254 970 2297 S.
1009 2254 1146 2296 Marci
1179 2255 1234 2296 38
1275 2269 1383 2296 saec.
1416 2253 1496 2295 IX:
1537 2253 1588 2295 cf.
1623 2269 1662 2309 p.
1694 2253 1884 2308 XXVII,

140 2328 354 2382 excerpsit
385 2328 499 2369 haud
531 2342 669 2383 pauca
700 2326 949 2368 Loewius.
1378 2376 1382 2381 .

206 2425 208 2427 >
257 2396 303 2454 5)
343 2398 476 2440 codex
513 2398 786 2440 Parisinus
830 2397 904 2438 lat.
946 2397 1059 2438 7680
1098 2394 1281 2453 (Regius
1322 2396 1475 2452 5481),
1519 2396 1884 2451 membranaceus,

81 2500 85 2503 -
144 2470 224 2512 108
263 2469 486 2525 foliorum,
533 2484 640 2511 saec.
678 2469 717 2510 X
762 2468 833 2526 (cf.
877 2468 1112 2510 LoeWius
1158 2468 1307 2510 Prodr.
1351 2483 1390 2522 p.
1426 2468 1531 2522 103,
1575 2467 1882 2509 Rudorffius

140 2540 268 2583 ‘Abh.
301 2541 375 2582 der
406 2541 520 2583 Berl.
552 2540 684 2583 Acad.
717 2539 851 2583 1865'
879 2556 918 2595 p.
948 2540 1050 2593 183,
1084 2538 1316 2594 Warren,
1350 2554 1406 2580 on
1437 2539 1511 2580 the
1545 2538 1717 2580 enclitic
1749 2553 1807 2579 ne
1840 2539 1885 2580 in

140 2613 258 2668 early
289 2612 399 2654 latin
430 2628 469 2667 p.
499 2613 584 2668 14).
634 2611 760 2653 Folia
792 2612 848 2653 62
880 2614 981 2666 post
1014 2611 1069 2652 63
1103 2612 1146 2651 et
1179 2610 1233 2651 69
1266 2613 1367 2664 post
1401 2611 1456 2652 73
1489 2609 1740 2651 collocanda
1772 2613 1883 2650 sunt.

139 2683 191 2725 In
223 2684 492 2739 marginibus
524 2683 639 2725 haud
670 2697 907 2737 paucorum
939 2681 1145 2723 foliorum
1176 2696 1288 2722 man.
1315 2696 1423 2723 saec.
1449 2679 1609 2735 XIjXH
1642 2680 1782 2721 varias
1817 2680 1884 2720 ad-

139 2755 389 2796 notationes
426 2754 591 2809 posuit,
627 2754 776 2796 inanes
815 2769 917 2795 sane
949 2756 1079 2807 atque
1112 2753 1300 2794 inutiles.
1363 2752 1565 2795 Codicem
1601 2751 1791 2806 inspexit
1823 2766 1885 2793 se-

140 2825 362 2879 lectasque
394 2825 492 2866 inde
526 2824 763 2879 scripturas
797 2824 1012 2879 excerpsit
1045 2823 1482 2866 Gundermannus.

239 2991 273 3033 1)
305 2989 347 3023 In
379 2987 554 3033 glossarii
584 2987 750 3023 fontibus
784 2988 899 3023 etiam
931 2987 1146 3022 Eucherii
1183 2987 1350 3022 librum
1383 2987 1434 3021 de
1465 2985 1608 3020 variis
1641 2985 1883 3020 vocabulis

142 3047 302 3092 (scilicet
332 3047 518 3082 hebraicis
551 3049 589 3081 et
613 3048 758 3092 graecis
784 3047 1036 3093 potissimum)
1062 3046 1178 3081 fuisse
1205 3047 1279 3081 alio
1304 3047 1386 3080 loco
1413 3045 1617 3080 docebitur.
1661 3044 1883 3089 Plerumque

144 3105 433 3141 Eucheriana
467 3105 577 3140 facile
611 3106 754 3140 secerni
785 3117 807 3140 a
838 3105 992 3150 reliquis
1024 3108 1191 3150 possunt.
1243 3105 1342 3139 Num
1375 3107 1503 3138 tamen
1534 3103 1620 3138 inde
1652 3104 1793 3139 factum
1824 3105 1884 3149 sit,

144 3167 188 3201 ut
212 3165 435 3210 glossarium
462 3165 509 3199 ad
536 3155 679 3199 sacram
708 3165 930 3211 scripturam
956 3164 1166 3210 referretur,
1191 3164 1384 3200 incertum.

216 3231 303 3263 Corp.
325 3232 416 3263 gloss.
435 3232 487 3258 lat.
507 3234 579 3258 tom.
598 3232 655 3258 IV.
1582 3237 1599 3255 c
