2170 3522
147 857 229 888 1301

201 933 234 957 10

204 1437 236 1462 15

259 162 341 204 158

255 271 532 325 Quaeretat1)
567 270 662 324 quis
696 268 837 310 exitus

257 344 527 397 Quemquam
560 341 748 395 aliquem

255 415 492 464 Quaercum
528 427 664 469 genus
697 411 806 467 ligni

255 487 524 536 Quaesumus
559 498 763 540 rogamus

255 558 486 608 Quaeritur
519 558 694 598 accusat

255 630 511 684 Questusest
543 628 766 670 accusauit

255 701 468 751 Quaestus
502 701 667 742 lucrum
702 700 772 741 uel
806 699 1043 754 adquisitio

255 773 468 828 Querulus
502 772 704 826 frequens
738 771 784 813 in
817 771 1009 826 querella

255 845 418 895 Queam
451 859 625 899 possem

1015 916 1113 959 hac-

313 990 521 1044 besteque
548 1004 645 1031 cum
673 1002 831 1045 magno
858 988 973 1044 frigo
1002 989 1113 1030 solet

255 917 573 972 Querqueraest
635 916 769 958 febris
839 916 950 958 acris

314 1062 471 1115 ueniri]

374 1134 438 1176 De
473 1133 545 1189 qui

256 1207 447 1262 Quisque
481 1205 825 1261 quibuscumque

256 1280 479 1334 Quidquae
512 1278 593 1320 hoc
627 1278 767 1333 magis
800 1278 883 1320 hoc
916 1278 1063 1333 potius

257 1352 440 1401 Quidam
473 1350 638 1405 aliquid

257 1424 423 1474 Quidue
455 1423 525 1465 uel
560 1422 663 1477 quid

259 1497 370 1547 Quid
402 1496 489 1537 nisi
521 1509 651 1550 porro
683 1494 784 1549 quid
816 1494 968 1537 deinde

256 1568 368 1618 Quid
401 1568 545 1610 differt
578 1567 680 1621 quid
707 1567 889 1609 interest
915 1568 984 1609 uel
1013 1568 1115 1623 quid

317 1642 442 1683 obest

258 1713 504 1769 Quigneum
537 1713 684 1754 album
751 1768 757 1774 ι

258 1784 417 1834 Quinni
451 1784 555 1839 quin
587 1800 674 1826 11011
705 1785 790 1826 nisi
824 1782 970 1841 quid2)

204 1872 219 1895 2
258 1856 418 1907 Quinni
451 1857 564 1912 quod
603 1872 691 1898 non
727 1859 802 1898 aut
835 1872 919 1911 qua
951 1872 995 1898 re
1028 1872 1115 1899 non

258 1928 424 1984 Quippe
459 1929 671 1971 maximae
705 1932 781 1971 aut
814 1932 930 1971 certe

258 2001 490 2057 Quippiam
523 2002 741 2043 modicum

725 156 938 194 GLOSSAE
966 156 1150 192 CODICIS
1177 155 1412 191 VATICANI
1438 160 1529 191 3321

1149 265 1340 315 Quirites
1373 267 1524 323 populi
1557 266 1725 309 romani

1151 338 1389 388 Quiritium
1420 353 1702 381 romanorum

1151 410 1345 460 Quiritat
1378 411 1548 466 quaerit
2028 422 2062 448 25

1151 481 1346 538 Quiquae
1379 484 1667 539 quicumquae

1151 553 1417 610 Quisquibus
1452 555 1648 610 quisquis
1683 555 1970 611 quicumquae

1151 626 1256 676 Quis
1293 630 1480 682 quantus
1515 643 1645 683 quam
1678 641 1862 683 maguus

1152 698 1394 753 Quisquam
1426 700 1584 755 aliquis

1154 770 1294 824 [Quiis
1329 772 1485 826 quibus
2029 784 2064 809 30

1152 842 1366 892 Quietudo
1399 859 1484 899 pax
1517 846 1560 885 et
1593 843 1831 885 saecuritas

1153 915 1268 965 Quin
1301 916 1432 958 etiam
1464 916 1532 957 uel
1566 915 1744 970 insuper

1152 987 1329 1037 Quidita
1360 991 1539 1044 propter
1573 988 1675 1043 quid
1707 987 1777 1030 uel
1812 1002 1944 1043 quare

1151 1059 1265 1109 Quin
1296 1060 1381 1102 nisi
1415 1063 1490 1102 aut
1522 1060 1656 1102 immo

1151 1132 1318 1188 Quippe
1353 1148 1450 1175 cum
1484 1134 1598 1175 certe
2031 1144 2066 1170 35

1151 1204 1310 1255 Quidni
1344 1205 1447 1260 quid
1478 1205 1563 1246 nisi

1152 1277 1400 1326 Quinimmo
1439 1277 1522 1319 hoc
1562 1276 1701 1332 magis
1740 1276 1823 1319 1106
1863 1277 2010 1333 potius

1153 1349 1402 1399 Quidrefert
1436 1349 1538 1405 quid
1571 1349 1685 1390 inest
1711 1349 1780 1391 uel
1809 1349 1912 1404 quid
1939 1350 2011 1391 ob-

1213 1425 1280 1464 est

1155 1495 1321 1545 Quidde
1355 1496 1430 1536 aut
1463 1493 1564 1550 quid

1155 1567 1238 1617 Qui
1273 1566 1368 1622 quis
2041 1573 2130 1605 130u

1155 1640 1338 1690 Quietus
1372 1653 1574 1680 saecurus
2031 1652 2066 1675 41

1154 1711 1268 1761 Quin
1301 1711 1414 1766 quod
1448 1713 1523 1752 aut
1555 1710 1689 1752 immo

1155 1784 1269 1834 Quin
1302 1784 1436 1825 immo
1471 1783 1573 1837 quia
1605 1783 1674 1824 uel
1712 1781 1827 1837 quod

1154 1856 1236 1906 Qui
1269 1856 1381 1897 unde
1414 1855 1484 1896 uel
1519 1855 1660 1910 qualis

1154 1928 1313 1978 Quidni
1347 1943 1506 1983 quomo
1539 1943 1627 1969 non
2031 1938 2067 1964 45

1156 2000 1417 2050 Quisuideor
1450 2000 1591 2055 qualis
1624 1999 1774 2041 uideor

356 2110 388 2153 1)
415 2110 430 2142 t
451 2109 685 2153 posteriorem
711 2108 777 2142 del.
807 2119 850 2143 m.
877 2108 955 2142 (ιῖῐιι
975 2109 986 2152 ΙΙ
1007 2110 1042 2154 2)
1069 2108 1092 2141 (1
1119 2108 1185 2143 del.
1213 2119 1257 2142 m.
1284 2118 1310 2142 s.
1339 2106 1447 2153 XVll

357 2197 386 2227 1.
416 2194 577 2234 Quereta
604 2205 626 2227 α
656 2193 666 2237 ΙΙ
698 2196 729 2227 3.
759 2191 947 2234 Quernum
974 2205 995 2227 α
1028 2193 1039 2236 ΙΙ
1079 2197 1108 2228 7.
1137 2191 1198 2226 061
1224 2203 1291 2226 om.
1319 2203 1342 2225 (ι
1373 2192 1384 2236 ΙΙ
1426 2194 1478 2225 10.
1507 2183 1603 2225 aeris
1629 2189 1830 2225 uehemens
1857 2199 1929 2234 que
1955 2201 1978 2224 a
2006 2188 2010 2235 Ι

258 2252 396 2297 frigore
423 2266 446 2288 (ι
498 2255 503 2298 l
550 2252 699 2286 euenire
726 2265 749 2287 α
795 2255 799 2296 Ι
845 2257 1018 2288 secuntur
1056 2254 1096 2288 in
1122 2265 1163 2288 a:
1202 2251 1280 2294 Que
1319 2251 1435 2295 unde⁷
1475 2250 1649 2293 Queritat
1686 2249 1916 2295 querellatur
1953 2248 2015 2283 uel

261 2312 416 2356 clamat,
460 2312 586 2355 Queue
625 2313 685 2347 061
724 2324 814 2357 (106,
860 2312 981 2354 Queat
1018 2312 1155 2357 possit,
1203 2311 1424 2357 Quempiam
1463 2311 1628 2355 aliquem
1671 2314 1684 2357 ῃ
1729 2315 1783 2347 11.
1821 2323 1889 2346 om.
1924 2321 1973 2346 ac
2003 2309 2016 2356 Η

262 2378 316 2407 12.
345 2372 561 2417 Quibusque
589 2385 641 2408 ac
660 2374 671 2417 ΙΙ
693 2377 746 2407 13.
771 2372 942 2416 Quidque
970 2372 1140 2417 quisquis
1168 2372 1395 2417 quicumque
1421 2376 1454 2407 et
1474 2371 1612 2414 Quidni
1638 2372 1709 2406 hoc
1734 2370 1856 2416 magis
1879 2368 2015 2415 (Quini

261 2432 406 2477 omagis
432 2436 465 2467 6)
493 2433 563 2467 1106
588 2432 714 2478 potius
741 2436 822 2479 6611
844 2437 898 2467 14.
928 2432 1115 2475 Quiddam
1143 2445 1191 2468 ac
1210 2435 1221 2478 ΙΙ
1244 2437 1297 2468 15.
1325 2444 1391 2468 om.
1419 2444 1442 2467 a
1461 2434 1472 2477 ΙΙ
1494 2437 1548 2468 16.
1569 2434 1733 2478 sequitur
1757 2433 1799 2467 in
1823 2442 1890 2467 ac:
1916 2429 2015 2472 Quin

263 2491 378 2526 etiam
405 2492 495 2537 quin
522 2491 728 2536 aliquando
757 2491 946 2538 signifieat
972 2493 1087 2527 etiam
1114 2504 1202 2537 ergo
1231 2493 1279 2537 qd
1308 2492 1397 2537 quia
1423 2492 1536 2527 immo
1564 2492 1620 2527 ait
1639 2503 1726 2526 uere
1749 2494 1853 2535 (uero
1874 2493 1928 2534 6).·
1953 2490 2015 2525 cui

261 2553 408 2587 addida
429 2564 463 2587 6.·
492 2552 619 2597 Cynici
644 2552 861 2597 philosophi
889 2554 976 2587 sunt
1002 2564 1024 2587 a
1049 2552 1204 2587 canibus
1231 2551 1351 2586 uitam
1378 2551 1533 2586 canibus
1554 2551 1692 2586 dicitur
1712 2552 1891 2586 ducentes
1916 2549 2014 2595 pilos

263 2612 361 2660 enim
394 2623 503 2657 grece
547 2615 559 2657 ss
605 2617 658 2648 17.
686 2624 751 2647 om.
779 2625 801 2647 α
845 2613 855 2657 ΙΙ
902 2616 954 2647 18.
982 2624 1049 2647 om.
1076 2625 1100 2648 a
1146 2614 1150 2657 Ι
1198 2611 1389 2656 Cygneum
1414 2624 1432 2648 6
1478 2615 1482 2656 l
1529 2611 1717 2657 quineque
1748 2623 1824 2647 non
1849 2611 1934 2647 add.
1961 2621 1980 2645 6
2004 2610 2016 2657 Η

265 2677 317 2707 19.
347 2672 486 2715 Quidni
511 2685 544 2708 α.
597 2672 709 2714 Quini
734 2684 752 2707 6
798 2673 803 2717 Ι
849 2671 940 2716 quid
971 2683 1046 2706 non
1072 2684 1106 2708 a.

1159 2672 1223 2716 qui
1253 2683 1328 2706 non
1359 2674 1510 2717 interpr.
1538 2684 1556 2707 6
1601 2673 1606 2718 Ι
1652 2670 1725 2705 nisi
1762 2670 1853 2715 quid
1885 2682 1950 2706 om.
1979 2682 2015 2715 a,

262 2733 401 2768 additis
431 2734 505 2768 his:
538 2734 604 2766 aut
635 2743 710 2776 qua
741 2743 779 2765 re
806 2743 897 2766 non:
931 2732 978 2775 ef.
1003 2733 1051 2778 91.
1079 2735 1130 2768 20
1167 2734 1178 2778 1}
1222 2737 1278 2768 20.
1305 2743 1371 2767 om.
1399 2744 1423 2767 α
1451 2732 1455 2778 1
1484 2733 1646 2777 sequitur
1671 2733 1712 2766 in
1737 2743 1803 2767 ac:
1836 2729 2015 2773 Quintilis

262 2803 396 2827 nomen
434 2792 573 2827 mensis
613 2796 723 2836 (11οᾗ
762 2791 811 2825 sis
839 2795 877 2828 6)
918 2791 1001 2825 10111
1043 2795 1055 2836 ΙΙ
1105 2796 1161 2828 21.
1196 2792 1301 2838 Qppe
1328 2804 1346 2828 6
1393 2794 1397 2838 Ι
1444 2791 1504 2826 1161
1537 2803 1589 2827 ac
1631 2793 1643 2837 ss
1686 2796 1742 2826 23.
1776 2789 1935 2833 Quilites
1961 2790 2012 2837 61

262 2853 400 2898 populo
427 2864 580 2887 romano
607 2864 626 2888 6
668 2854 679 2897 11
723 2855 779 2887 24.
805 2862 1000 2885 romanum
1026 2863 1045 2887 6
1082 2854 1092 2897 ΙΙ
1136 2856 1192 2888 25.
1221 2851 1393 2894 Queritat
1418 2865 1451 2888 a.
1494 2851 1656 2894 Quilitat
1681 2863 1699 2887 6
1735 2853 1746 2897 11
1784 2855 1839 2886 26.
1868 2862 1933 2886 om.
1961 2861 1980 2886 6
2004 2850 2016 2897 Η

264 2917 319 2947 29.
343 2912 462 2957 aliqui
488 2924 506 2948 6
528 2913 532 2957 1
555 2913 719 2958 sequitur
744 2913 786 2946 in
812 2924 852 2946 α.-
880 2911 1086 2955 Quisquam
1113 2911 1211 2945 ullus
1238 2911 1375 2956 aliquis
1402 2917 1434 2947 et
1459 2913 1500 2947 in
1526 2924 1592 2948 ac:
1619 2909 1851 2954 Quisquilias
1876 2903 2014 2956 p'urgu-

263 2974 391 3006 menta
423 2971 624 3006 corticibus
656 2982 869 3016 pomorum,
908 2972 984 3006 nisi
1015 2972 1110 3016 quod
1137 2970 1352 3015 Quisqualis
1385 2973 1427 3006 in
1457 2984 1475 3007 6
1507 2976 1557 3007 est
1587 2976 1620 3008 et
1649 2982 1844 3017 pomorum
1881 2972 2016 3006 ibidem

265 3033 433 3067 omz'ssmn
463 3035 476 3078 ΙΙ
507 3037 562 3068 30.
592 3031 681 3073 Quis
709 3044 731 3066 α
759 3033 771 3075 ΙΙ
803 3035 859 3067 31.
886 3032 925 3065 et
950 3042 1016 3066 om.
1045 3044 1067 3065 (ι
1102 3032 1104 3077 ζ
1130 3035 1185 3067 32.
1214 3031 1275 3065 uel
1301 3044 1366 3067 om.
1394 3044 1418 3066 a
1442 3033 1453 3077 ’ζ
1480 3036 1536 3066 33.
1564 3030 1664 3076 quod
1690 3043 1714 3066 a
1735 3032 1740 3075 Ι
1762 3030 1823 3064 061
1849 3042 1916 3066 om.
1943 3043 1967 3066 a
2003 3031 2015 3078 Η

265 3097 321 3127 34.
349 3103 395 3125 an
422 3105 445 3127 ιι
475 3093 486 3136 ss
518 3096 574 3127 37.
603 3090 802 3133 Quininmo
830 3103 852 3126 α
881 3092 893 3136 ΙΙ
921 3094 977 3125 38.
1006 3091 1066 3125 uel
1093 3103 1158 3127 om.
1185 3103 1209 3126 a
1239 3093 1252 3137 11
1283 3096 1340 3127 39.
1367 3102 1414 3125 an
1441 3104 1463 3127 a
1483 3094 1572 3137 1142.
1599 3102 1648 3125 an
1673 3103 1697 3126 α
1715 3092 1726 3136 ΙΙ
1745 3094 1802 3126 43.
1828 3089 1930 3125 inmo
1955 3103 1979 3126 a
2003 3092 2015 3138 Η

265 3155 322 3187 44.
348 3152 407 3185 uel
433 3164 498 3187 om.
527 3165 549 3187 (ι
568 3153 580 3196 ΙΙ
