2170 3522
256 198 342 239 552
908 189 1122 227 GLOSSAE
1149 188 1367 225 AFFATIM

257 306 543 348 Praeconium
564 303 830 359 praedicatio
853 301 1036 343 alicuius
1051 301 1114 343 rei
1154 300 1402 354 Praetoqua
1424 298 1553 341 celeri
1574 300 1799 339 maturans
1820 298 1889 340 uel
1908 300 2012 339 tem-

257 377 572 433 Praerogatiua
610 374 868 417 beneficium
909 376 1008 415 ante
1043 373 1114 415 ob-
1212 386 1404 426 poranea

316 451 453 492 latum
482 448 597 503 quod
622 446 667 487 in
695 461 738 487 se
760 445 1005 487 reddederis
1027 445 1113 486 iam
1152 443 1465 498 Praepediente
1498 443 1735 498 inpudente

316 537 402 563 non
435 523 501 562 est
534 518 844 574 praerogatiua
1153 515 1478 557 Praesentiscat
1510 531 1561 557 ex
1594 518 1691 558 toto
1725 515 1888 557 sentiat
2033 525 2069 550 30

257 592 571 648 Praerogatiua
608 590 823 632 exelentia
856 591 1113 632 meritorum
1153 588 1363 629 Praedem
1396 587 1700 629 fideiussorem

259 664 614 707 Praeiudicantes
649 665 748 704 ante
780 662 1023 704 iudicantes
1155 660 1374 702 Praecinit
1409 659 1526 701 canit
1558 660 1627 701 uel
1661 662 1811 702 cantat

222 750 237 774 5
258 735 531 778 Praestruxit
563 727 890 790 praeordinauit
1153 733 1449 787 Praepropere
1471 734 1571 773 ante
1589 733 1762 787 tempus
1778 732 2014 774 festinandi

258 808 472 850 Praefecit
504 807 759 863 praeposuit
1155 804 1404 846 Praesumit
1436 802 1666 858 usurpat¹)

256 880 534 922 Praeterfluit
566 880 690 921 iuxta
721 879 818 921 fluit
1153 877 1386 918 Praeterea
1419 878 1542 918 extra
1574 876 1681 918 haec
1714 878 1789 918 aut
1821 876 1917 918 ideo
2035 886 2069 911 35

255 954 553 995 Praetermeat
587 952 701 1007 quod
736 967 867 1007 supra
1155 948 1397 991 Pretortire
1431 948 1667 991 abstollere

256 1026 472 1080 Praepore
505 1024 735 1066 festinauit
1153 1021 1358 1063 Praestat
1390 1021 1509 1075 prius
1543 1023 1611 1062 est

205 1111 236 1133 1υ
260 1097 532 1139 Praecelerat
565 1099 665 1138 ante
699 1096 813 1138 cedit
1157 1095 1337 1136 Plenam
1372 1093 1578 1135 refertam

255 1169 591 1224 Praeproperim
625 1170 724 1210 ante
758 1168 923 1210 factum
1155 1165 1349 1207 Peltaria
1387 1165 1515 1219 pellis
1556 1180 1638 1220 que
1680 1168 1856 1208 amento
1888 1166 2016 1209 bouis

256 1242 551 1297 Praeporpere
585 1241 829 1283 inordinate
862 1256 1067 1296 peruerse
1214 1238 1365 1293 pendit

255 1314 458 1355 Praemet
490 1313 695 1369 prohibet
728 1316 803 1354 aut
836 1313 1032 1356 continet
1155 1310 1411 1351 Perfruatur
1443 1312 1595 1352 utatur
2036 1318 2073 1343 40

256 1385 483 1427 Praemere
517 1385 739 1427 continere
774 1400 1031 1440 conpescere
1155 1382 1429 1425 Praelibaret
1462 1386 1770 1439 praegustaret

206 1470 238 1494 15
259 1458 469 1499 Praesant
501 1460 734 1512 praemunt
766 1458 836 1499 uel
867 1459 1117 1514 exprimunt
1159 1455 1425 1510 Praecipites
1459 1458 1690 1511 uergentes

257 1530 508 1572 Praeuertit
542 1544 716 1571 cursum
749 1530 957 1573 uolociire
1157 1527 1391 1582 Praepetes
1426 1542 1528 1569 aues
1561 1528 1762 1569 uolantes

172 1613 233 1643 421
259 1602 558 1644 Praeuertitur
591 1602 808 1643 antecedit
1158 1599 1427 1654 Praecipitat
1459 1599 1633 1655 inpellit
1663 1600 1717 1642 ab
1745 1600 1834 1642 alto
1862 1600 2020 1643 deiecit

257 1675 512 1730 Praeruptis
552 1673 716 1715 excisse
757 1689 886 1730 rupes
924 1678 1119 1718 extrema
1159 1671 1443 1714 PraefocabUS
1476 1671 1712 1727 impeditus
2037 1679 2073 1705 45

257 1747 448 1803 Praepos
475 1760 733 1802 praecursor
754 1749 829 1788 aut
850 1748 978 1789 uelox
998 1764 1118 1803 prae-
1157 1744 1388 1786 Praedium
1420 1744 1527 1786 uilla

320 1820 474 1861 cedens
1157 1817 1391 1872 Perpetem
1422 1819 1685 1872 perpetuum

206 1905 239 1930 20
258 1891 494 1933 Praedulce
526 1890 711 1932 nimium
744 1890 867 1932 dulce
1158 1889 1368 1932 Praeficia
1399 1892 1642 1944 praeponat

259 1963 501 2018 Praepollit
541 1962 830 2018 supraeminit
862 1966 938 2005 aut
971 1979 1119 2020 supra-
1158 1962 1382 2004 Plectrum
1446 1961 1603 2003 astella
1664 1963 1776 2004 unde
1837 1963 2021 2019 cythara

319 2034 509 2090 splendit
1218 2034 1468 2076 modolatur
1509 2035 1579 2076 uel
1633 2049 1718 2090 quo
1754 2035 1882 2077 corde
1927 2037 2021 2077 tan-

260 2107 540 2162 Praepollens
572 2107 671 2161 plus
706 2121 836 2161 quam
869 2122 1055 2164 magnus
1219 2109 1384 2163 guntur

259 2179 538 2222 Praecelsum
570 2193 784 2234 proquam
817 2180 1037 2222 excelsum
1158 2180 1398 2222 Perennem
1432 2182 1658 2221 aeternum
2039 2185 2074 2211 50

260 2251 651 2292 Praestrincxerim
683 2252 1022 2306 praemimierim
1156 2251 1447 2294 Percunctare
1481 2251 1754 2308 interrogare

208 2336 240 2362 25
260 2323 540 2365 Praeforibus
573 2326 673 2365 ante
707 2323 870 2366 ostium
1157 2323 1474 2366 Percunctatur
1505 2323 1689 2378 inquirit

262 2395 537 2437 Praelabitur
569 2396 870 2451 praeloquitur
1158 2396 1337 2438 Pesulto
1370 2395 1564 2438 uocifero

262 2467 614 2509 Praedonauerat
659 2467 743 2509 sibi
795 2468 990 2510 adixerat
1034 2470 1119 2512 sibi
1158 2469 1403 2524 Peripsima
1436 2467 1578 2509 media
1609 2468 1886 2525 plantapedis

321 2539 549 2595 iugauerat
1157 2540 1370 2583 Perosum
1402 2540 1546 2583 multu
1578 2541 1723 2583 modio
1756 2540 1967 2584 habetum
2038 2545 2073 2572 5⁵

359 2670 393 2714 1)
421 2681 436 2703 s
463 2681 507 2705 esc
531 2682 549 2703 r
575 2680 665 2705 corr.
687 2671 698 2715 ΙΙ

358 2782 389 2812 2.
418 2788 529 2821 quem
556 2777 588 2812 si
613 2789 641 2813 c.
681 2789 795 2822 quam
823 2777 853 2812 si
875 2779 904 2813 b.
947 2779 1098 2822 quidem
1126 2778 1157 2813 si
1183 2791 1206 2815 a
1229 2782 1233 2823 Ι
1256 2778 1466 2814 reddideris
1487 2780 1565 2816 abe
1583 2781 1595 2825 ΙΙ
1615 2784 1648 2816 3.
1670 2779 1894 2815 excellentia
1914 2780 1992 2816 abe
2011 2779 2022 2824 Ῑῖ

264 2842 294 2872 7.
322 2836 551 2871 Praeterluit
578 2838 624 2873 bc
667 2840 678 2882 ΙΙ
723 2842 753 2872 9,
781 2838 1035 2883 Praepropere
1063 2841 1108 2875 bc
1152 2841 1162 2884 ΙΙ
1210 2844 1262 2874 11.
1291 2839 1393 2884 quod
1419 2841 1502 2874 erat
1526 2841 1660 2884 postea
1686 2840 1772 2876 add.
1799 2841 1864 2884 bc,
1889 2840 2022 2885 quibus

263 2896 477 2930 faciendum
505 2897 611 2932 addit
636 2898 712 2932 cod.
740 2898 851 2933 Rern.
880 2902 958 2934 ,9:24
991 2901 1002 2943 ΙΙ
1035 2903 1088 2933 12.
1116 2899 1369 2944 Praepropere
1397 2900 1415 2934 b
1447 2901 1459 2943 ΙΙ
1492 2903 1547 2935 13.
1574 2898 1742 2934 Praemit
1767 2900 1813 2936 bc
1841 2901 1845 2943 Ι
1874 2900 1941 2933 aut
1966 2910 2021 2934 re-

263 2957 387 2991 frenat
413 2958 479 2991 aut
505 2958 551 2992 bc
571 2959 581 3002 11
603 2962 657 2992 15.
680 2958 883 2992 Praessant
909 2960 955 2994 bc
975 2960 985 3004 ΙΙ
1009 2964 1061 2994 16.
1084 2958 1271 2994 1101001010
1298 2961 1328 2994 b.
1365 2958 1591 2994 uelociorem
1617 2961 1665 3005 011
1687 2963 1741 2995 18.
1763 2958 1911 2994 excisae
1936 2971 1986 2995 ac
2010 2959 2021 3005 Η

264 3020 319 3050 21.
349 3016 603 3061 supraeminet
629 3018 648 3052 b
684 3023 686 3059 ξ
723 3018 1011 3063 supersplendet
1037 3032 1055 3054 e
1086 3022 1097 3064 ΙΙ
1129 3024 1184 3054 23.
1212 3030 1394 3065 perquam
1422 3031 1449 3055 c.
1488 3019 1573 3064 plus
1602 3030 1715 3064 quam
1741 3021 1761 3055 b
1786 3021 1798 3066 ΙΙ
1827 3022 1882 3054 24.
1910 3019 2021 3054 Prae-

266 3075 477 3109 strinxerim
504 3077 582 3112 abc
613 3079 624 3120 Η
657 3082 712 3113 27.
740 3077 939 3113 addixerat
965 3080 1044 3114 abc
1063 3081 1074 3124 11
1104 3083 1158 3114 28.
1186 3079 1405 3124 Praecoqua
1433 3081 1560 3124 121129.
1588 3083 1642 3114 30.
1670 3090 1737 3114 om.
1764 3081 1888 3125 01133.
1914 3078 2021 3114 festi-

264 3134 371 3169 nanti
386 3137 462 3171 abc
481 3139 492 3181 l}
513 3141 567 3171 37.
584 3149 649 3172 om.
662 3148 680 3172 c
698 3139 710 3182 ΙΙ
730 3142 785 3173 39.
801 3137 919 3183 pelles
941 3149 1037 3182 quae
1059 3140 1209 3173 amento
1230 3140 1343 3174 boum
1360 3139 1482 3184 (boby
1497 3141 1532 3183 b)
1548 3139 1715 3184 pendent
1729 3140 1776 3174 be
1794 3143 1805 3183 ΙΙ
1825 3143 1880 3174 42.
1895 3151 1961 3175 om.
1977 3141 1997 3175 b
2012 3140 2021 3185 11

265 3198 322 3229 44.
351 3194 465 3230 deicit
490 3208 507 3231 e
527 3198 613 3241 1145.
641 3208 707 3232 om.
735 3210 753 3233 c
773 3199 784 3243 ΙΙ
803 3201 858 3233 48.
887 3197 1087 3233 Praeficiat
1112 3210 1130 3235 c
1149 3200 1160 3244 ΙΙ
1181 3204 1235 3234 53.
1264 3199 1436 3234 Persulto
1463 3210 1481 3235 c
1500 3201 1510 3244 ΙΙ
1531 3202 1587 3234 55.
1614 3197 1788 3234 habitum
1814 3199 1860 3234 bc
1878 3200 1890 3243 ΙΙ
