2170 3522
287 165 375 207 480
938 159 1152 195 GLossAE
1180 158 1397 193 AFFATIM

287 276 574 331 Aliquantum
607 288 762 329 parum
1182 269 1338 312 Amnis
1372 269 1532 311 fluuius
2062 282 2098 309 30

286 347 614 403 Aliquantisper
647 344 880 400 aliquando
1182 342 1372 399 Adgliue
1406 341 1620 398 oblitique
1654 345 1847 386 erectum

286 420 475 462 Allicula
507 433 642 475 genus
674 416 812 458 uestis
1180 415 1393 471 Aquilum
1426 414 1595 457 fuscum
1627 415 1805 471 nigrum

287 490 574 546 Amphibalus
608 490 752 531 birrus
785 488 967 531 uillosus
1181 487 1418 530 Armillum
1452 487 1614 530 ciatera
1646 503 1724 530 uas
1757 475 1976 531 uinarium

249 577 264 601 5
285 564 516 606 Animatus
575 562 719 604 animo
773 562 924 603 firmus
977 561 1143 603 confor-
1181 560 1420 602 Armillum
1452 576 1559 603 uasa
1592 576 1816 604 sacrorum

343 638 463 678 tatus
1181 633 1352 675 Adfinis
1374 636 1589 690 cognatus
1609 634 1835 690 proximus
1858 637 1934 677 aut
1947 649 2043 690 pro—
2063 646 2097 671 35

282 708 398 764 Agia
430 707 658 764 glandolae
1241 706 1384 749 ximus
1417 709 1619 762 parentes

281 780 431 822 Animi
470 780 596 836 inpos
630 780 849 836 inpatiens
884 782 958 821 aut
993 793 1140 821 amens
1180 778 1425 821 Adfinietas
1458 779 1765 836 propinquitas

281 853 454 895 Anileia
485 852 677 896 fatuetas
711 852 902 895 amentia
1180 851 1390 909 Agricola
1423 852 1602 894 colonus
1636 852 1779 894 cultor
1812 852 1908 909 agri

281 926 440 968 Annile
475 925 711 968 senectutis
1180 924 1360 967 Acinari
1393 925 1544 967 tricari
1577 925 1623 966 in
1655 939 1791 980 paruo
1826 925 1988 967 morari

228 998 502 1055 10Apricitas
536 998 654 1040 calor
1178 997 1432 1053 Arripiebat
1465 997 1846 1053 adpraehendebat

280 1071 472 1127 <Aprica
505 1071 673 1113 aestiua
706 1070 879 1125 calens>
1177 1070 1432 1127 Adfingitur
1465 1070 1732 1126 confingitur
1813 1070 1817 1074 ’
2061 1082 2096 1107 4ο

280 1145 490 1200 Apricum
524 1143 645 1186 locus
679 1145 946 1198 temperatus
980 1144 1112 1183 uento
1177 1143 1356 1185 Arbiter
1389 1158 1543 1185 censor
1575 1143 1705 1184 iudex
1736 1142 1864 1184 testis

280 1218 454 1273 Apricis
491 1216 728 1258 mansuetis
1176 1216 1488 1258 Ambientibus
1524 1215 1896 1258 circumdantibus

227 1303 259 1326 14
279 1289 537 1346 Ariopagite
572 1288 755 1331 curiales
1176 1287 1331 1330 Ambit
1364 1288 1605 1331 circumdat
1638 1287 1932 1344 conplectitur

242 1371 255 1387 r
280 1362 563 1418 Armipotens
596 1361 784 1403 bellator
1176 1361 1358 1403 Arbiter
1390 1361 1518 1403 iudex
1552 1376 1576 1403 a
1611 1361 1780 1403 duobus
1814 1360 1978 1403 electus

278 1435 473 1477 Armites
508 1435 775 1490 armipotens
1176 1434 1356 1476 Arbiter
1387 1450 1516 1490 quem
1543 1434 1613 1476 lex
1638 1448 1727 1476 non
1754 1433 1907 1476 definit
1934 1433 2039 1489 quid
2057 1443 2093 1469 4⁵

277 1508 482 1565 Armiger
514 1506 774 1562 armipotior
1237 1507 1398 1550 iudicet

277 1580 360 1622 Ast
381 1580 506 1622 illum
527 1580 651 1621 illum
667 1594 770 1621 uero
792 1578 1051 1621 femininum
1068 1582 1134 1620 est
1174 1579 1478 1633 <Altrinsecus
1512 1596 1562 1623 ex
1596 1582 1779 1635 utraque
1813 1579 1967 1635 parte>

276 1652 449 1694 Animis
497 1651 758 1695 caelestibus
810 1652 1031 1694 mentibus
1076 1651 1135 1693 di-
1173 1652 1444 1696 Amitatores
1479 1654 1777 1696 adsectatores

336 1725 450 1767 uinis
1172 1725 1447 1769 Altrinsecus
1481 1726 1635 1768 dextra
1664 1725 1848 1780 leuaque
1877 1728 1953 1768 aut
1979 1725 2034 1768 ab

222 1811 255 1835 20
275 1798 435 1840 Animo
469 1800 613 1840 mente
1233 1798 1420 1841 inuicem

275 1870 342 1913 Ad
374 1870 508 1913 litora
540 1870 593 1912 ad
627 1884 704 1912 ora
736 1869 867 1911 maris
1172 1871 1391 1927 Antigpat
1423 1875 1716 1928 praeoccupat

274 1943 481 2000 Aspicere
515 1943 683 1985 intuere
715 1942 862 1984 uidere
1171 1943 1451 2000 Anticipasse
1479 1948 1580 1987 ante
1608 1943 1801 2001 coeperit
1821 1943 1888 1986 uel
1911 1943 2034 2000 prius
2053 1954 2089 1980 50

275 2015 445 2071 (Auia)
478 2016 568 2057 sine
603 2015 701 2057 auia
732 2015 851 2056 inuia
884 2015 979 2057 loca-
991 2013 1022 2071 ¹)
1230 2017 1537 2072 praehenderit

273 2088 382 2131 Auri
416 2103 539 2131 sacra
570 2087 698 2129 famis
726 2088 819 2130 auri
847 2102 969 2129 amor
995 2087 1037 2129 id
1065 2090 1132 2129 est
1171 2088 1426 2144 Anticipare
1484 2090 1740 2146 praeuenire
1791 2089 1861 2131 uel
1914 2103 2033 2144 prae-

334 2160 543 2201 auaritiae
578 2160 799 2216 cupiditas
1232 2161 1380 2204 cedere

221 2246 254 2271 25
275 2233 432 2275 Aditus
465 2233 680 2277 interibus
714 2234 913 2289 partibus
951 2233 1130 2276 secretis
1169 2233 1237 2275 Ad
1270 2234 1424 2276 limina
1457 2235 1510 2277 ad
1541 2237 1692 2290 portas

273 2305 462 2347 Auditus
495 2306 702 2348 introitus
736 2307 959 2362 ingressus
993 2321 1131 2349 acces-
1169 2307 1355 2362 Asylum
1389 2307 1603 2363 templum
1640 2323 1812 2351 sacrum

334 2393 406 2420 sus
1171 2379 1355 2435 Asylum
1404 2380 1526 2422 locus
1584 2395 1706 2422 sacer
1762 2395 1909 2422 romae
1959 2378 2030 2422 uel

272 2450 451 2492 Absiste
484 2451 633 2493 recede
1228 2467 1364 2509 genus
1392 2452 1554 2495 uermis
1582 2453 1651 2495 uel
1678 2452 1910 2508 pecoribus
1937 2466 2030 2507 per-

272 2523 478 2579 Adstirpe
511 2523 719 2565 radicitus
1125 2566 1131 2571 ,
1226 2525 1463 2568 molestum
2011 2511 2014 2513 .

271 2595 478 2651 Adstirpe
511 2596 564 2638 ab
599 2596 720 2652 orige
1166 2598 1352 2654 Asylum
1385 2597 1580 2655 confugii
1612 2597 1827 2652 templum
2049 2608 2083 2634 55

367 2716 402 2761 1)
426 2716 473 2762 91.
500 2720 553 2751 22
581 2719 613 2750 et
638 2718 690 2751 23
715 2716 992 2761 eonimvyuntw·
1010 2718 1022 2760 ΙΙ

365 2828 397 2859 2.
426 2823 647 2868 aliquandiu
675 2825 694 2859 b
725 2826 736 2868 Η
769 2827 800 2857 3.
828 2823 1003 2858 Adlicula
1029 2836 1078 2860 ac
1109 2827 1119 2871 ΙΙ
1153 2829 1183 2861 5.
1211 2826 1381 2860 firmatus
1409 2827 1440 2861 b.
1491 2823 1600 2860 fortis
1627 2836 1645 2860 c
1664 2826 1676 2871 [Ι
1702 2828 1734 2860 8.
1761 2822 1890 2859 Anilia
1914 2824 1992 2859 abc
2020 2823 2024 2871 l

269 2883 428 2919 fatuitas
455 2886 532 2920 abc
563 2887 574 2930 ΙΙ
607 2888 638 2919 9.
665 2883 775 2918 Α11110
802 2896 825 2919 α
856 2885 867 2928 ΙΙ
902 2889 955 2921 11.
983 2896 1049 2920 om.
1077 2898 1100 2921 α,
1129 2888 1140 2930 ΙΙ
1175 2890 1228 2922 12.
1257 2885 1336 2921 sine
1361 2887 1476 2921 uento
1503 2887 1522 2921 b
1542 2887 1553 2931 ΙΙ
1575 2890 1629 2921 17.
1657 2882 1949 2930 armaeportitor
1973 2895 1992 2919 c
2015 2883 2028 2932 Η

270 2949 324 2980 23.
355 2945 450 2980 Auia
476 2957 542 2981 om.
569 2958 593 2980 α
615 2945 620 2989 Ι
644 2943 723 2979 sine
749 2943 813 2978 uia
839 2956 888 2979 ac
918 2946 929 2990 11
962 2948 1017 2980 25.
1051 2945 1175 2980 Aditis
1202 2947 1222 2982 b
1245 2947 1250 2991 Ι
1272 2945 1515 2981 interioribus
1541 2947 1593 2982 ab
1624 2947 1636 2992 ΙΙ
1668 2949 1724 2981 26.
1750 2943 1887 2979 Aditus
1914 2945 1992 2980 abc
2015 2946 2027 2992 f,

271 3009 325 3040 29.
353 3005 410 3040 Ab
438 3005 553 3050 stirpe
580 3017 597 3041 c
619 3008 624 3050 1
648 3004 696 3039 ab
723 3003 866 3049 origine
894 3005 939 3039 bc
957 3006 970 3050 ΙΙ
991 3009 1044 3040 31.
1073 3005 1231 3041 Adcliue
1257 3008 1336 3043 abc
1358 3011 1363 3050 1
1386 3005 1538 3051 oblique
1565 3007 1643 3042 abc
1661 3007 1673 3053 ΙΙ
1693 3009 1749 3041 33.
1771 3005 1918 3039 cratera
1945 3005 1991 3040 bc
2014 3034 2017 3039 .

272 3069 326 3100 35.
352 3077 487 3110 parens
515 3067 590 3101 abc
615 3066 627 3110 11
653 3069 709 3101 36.
736 3064 922 3100 Adfinitas
949 3066 969 3100 b
989 3067 1000 3110 ΙΙ
1021 3069 1077 3100 42.
1104 3069 1159 3100 44.
1188 3079 1254 3102 om.
1281 3079 1300 3103 c
1319 3068 1330 3113 ΙΙ
1351 3071 1405 3103 45.
1433 3079 1500 3103 om.
1527 3078 1546 3103 e
1567 3067 1573 3113 Ι
1595 3065 1662 3111 qui
1687 3064 1856 3101 diudicet
1881 3078 1914 3101 α.
1960 3065 2026 3110 qui

270 3124 411 3160 indicet
437 3127 563 3171 121146.
590 3137 657 3162 om.
684 3139 705 3160 u
725 3127 737 3172 ΙΙ
757 3128 812 3160 47.
840 3137 907 3161 om.
934 3137 952 3161 c
971 3127 982 3171 ΙΙ
1011 3130 1067 3161 49.
1093 3125 1291 3172 Anticipat
1316 3128 1394 3163 abc
1412 3128 1423 3173 Η
1444 3131 1500 3163 50.
1529 3131 1584 3163 51.
1612 3138 1679 3163 om.
1706 3138 1726 3162 c
1743 3127 1756 3172 ΙΙ
1775 3129 1830 3162 54.
1857 3125 1920 3161 uel
1940 3129 2025 3172 post

271 3185 407 3219 normis
433 3198 498 3221 om.
526 3187 572 3221 be
590 3188 602 3231 11
