2170 3522
747 167 964 203 GLOSSAE
991 168 1210 203 AFFATIM

97 278 265 334 Nequit
296 294 385 320 non
416 281 566 334 potest

98 350 405 406 Nequiuerunt
437 366 526 392 non
558 353 799 405 potuerunt

97 422 337 477 Nequirem
369 423 533 465 nollem

96 493 265 536 Neuter
296 509 463 549 nequae
496 494 580 535 iste
613 508 780 548 nequae
813 493 887 534 ille

61 579 78 603 5
98 556 266 608 Neuter
291 581 419 608 nemo
452 569 653 608 nostrum

97 637 316 680 Neutrum
347 653 515 693 nequae
547 637 631 679 hoc
659 652 826 692 nequae
853 637 960 678 illud

98 709 190 752 Nec
222 713 368 752 ratum
401 725 480 752 nec
513 710 680 751 iustum

97 781 263 824 Nenias
297 797 366 824 res
401 796 695 837 superuacuas

97 853 265 896 Nentes
299 855 373 896 fila
406 857 662 910 torquentes

46 941 78 965 ιο
98 925 243 968 Νο11111
276 927 447 969 macula

100 997 190 1042 Nec
222 999 325 1041 dum
358 1014 437 1041 nec
471 998 612 1040 adhuc

97 1069 196 1113 Neu
226 1086 315 1114 non
348 1071 461 1113 sedit

96 1143 164 1186 Ne
198 1158 303 1200 ergo

97 1215 195 1258 Neu
226 1231 366 1272 neque

47 1301 80 1326 15
99 1287 222 1330 Neue
255 1304 334 1331 nec
367 1289 497 1345 longe

98 1360 190 1403 Nec
222 1360 375 1416 procul
409 1375 497 1402 non
530 1361 659 1416 longo

57 1434 62 1438 '
97 1432 388 1488 Nequaquam
428 1433 549 1474 nullo
588 1433 718 1475 modo
759 1437 834 1474 aut
868 1434 960 1474 sine

158 1521 289 1548 causa

97 1577 245 1620 Necne
279 1593 423 1620 annon

97 1650 190 1693 Nec
222 1666 310 1693 non
343 1651 418 1692 sed
450 1653 494 1692 et

43 1738 76 1762 20
98 1722 190 1766 Nec
222 1723 427 1765 inmerito
462 1738 549 1765 non
583 1723 676 1765 31110
711 1738 843 1765 causa

98 1795 265 1838 Nemus
300 1796 413 1838 silua

98 1868 392 1911 Nemorosum
426 1867 682 1910 frondosum

98 1940 164 1983 Ne
198 1944 384 1984 nanctus
418 1955 505 1982 non
540 1940 678 1982 inueri

98 2013 255 2056 Nibita
287 2028 401 2070 aqua
434 2028 484 2055 ex
517 2013 710 2055 nubibus
743 2012 861 2055 facta

44 2099 78 2124 25
98 2083 293 2127 Nibasus
327 2086 582 2141 splendidus

98 2156 407 2200 Nicromantia
458 2158 662 2214 quotiens
715 2158 863 2200 anima
909 2158 962 2199 ab

159 2229 310 2272 inferis
345 2234 553 2273 reuocata

100 2302 407 2346 Nicromantia
441 2306 715 2345 mortuorum
748 2302 963 2344 diuinatio

99 2374 457 2418 Nicromanticus
491 2378 703 2418 euocatur
735 2375 965 2417 umbratur

100 2447 264 2490 Nidore
299 2449 430 2491 odore

45 2534 80 2560 30
100 2519 400 2563 Nihilominus
427 2520 537 2562 nihil
566 2520 710 2562 minus
733 2521 769 2562 si
792 2535 963 2576 quoque

160 2593 270 2635 nihil
305 2595 381 2634 aut
414 2593 581 2635 deferre
614 2593 684 2634 uel
719 2593 920 2636 dubitare

101 2664 338 2720 Niliculal)
373 2665 626 2721 aegyptium

200 2809 233 2854 1)
256 2806 285 2842 li
310 2819 337 2844 s.
365 2820 396 2844 v.
423 2820 490 2844 scr.
512 2810 524 2854 ΙΙ

1775 168 1858 209 541

1001 278 1223 320 Nimirum
1267 278 1394 319 ualde
1442 277 1600 319 mirum
1647 280 1723 318 aut
1769 277 1862 319 sine

1060 350 1193 392 dubio

1001 421 1223 463 Nimirum
1254 422 1341 463 nisi
1374 421 1514 463 uallor

1001 493 1224 535 Ninnarus
1246 494 1387 535 murio
1409 494 1532 536 cuius
1560 509 1669 535 uxor
1697 493 1863 535 mecha-

1061 569 1132 607 tus
1165 569 1209 607 et
1241 569 1360 608 tacet

1000 636 1111 679 Nisu
1147 638 1372 680 conamine
1406 638 1474 679 uel
1510 641 1669 679 conatu
1884 648 1918 672 35

1000 709 1135 752 Nisus
1170 713 1352 752 conatus
1386 710 1455 751 uel
1489 710 1686 752 mollitus

999 781 1173 824 Nititur
1206 785 1389 824 conatur
1423 785 1498 824 aut
1531 782 1680 824 labore

1001 853 1213 910 Nimquid
1246 869 1334 896 non
1368 854 1533 909 aliquid

1000 925 1207 981 Nimquis
1240 941 1328 968 11011
1361 927 1521 982 aliquis

1000 998 1160 1054 Niquis
1194 999 1278 1041 nisi
1314 999 1410 1054 quis
1884 1009 1920 1033 40

1000 1070 1099 1113 Nisi
1133 1087 1221 1114 non

1001 1142 1164 1185 Nitura
1197 1143 1403 1200 genitura

1001 1215 1161 1257 Nitens
1196 1216 1426 1258 ambulans
1461 1218 1536 1257 aut
1569 1216 1825 1258 incumbens

1001 1287 1162 1330 Nitens
1196 1288 1361 1330 nitidus

1002 1360 1143 1402 Nixus
1177 1360 1433 1402 incumbens
1885 1370 1920 1394 4⁵

1002 1432 1141 1475 Nixus
1188 1448 1345 1475 curuus
1385 1433 1455 1475 uel
1494 1447 1658 1488 pronus
1705 1433 1866 1475 incum-

1061 1506 1167 1548 bens

1002 1577 1115 1620 Nixe
1150 1578 1345 1621 inunitae

1003 1650 1121 1692 Nitit
1154 1651 1346 1706 splendit
1379 1650 1447 1691 1101
1483 1650 1599 1692 lucet

1003 1722 1230 1764 Nitentem
1265 1722 1494 1765 candidum
1531 1723 1596 1764 1101
1632 1724 1818 1765 nitidum

1003 1794 1136 1838 Nitor
1169 1795 1376 1851 splendor
1887 1803 1921 1828 50

1002 1866 1236 1910 Nicolaum
1271 1868 1456 1910 stultum

1003 1940 1213 1982 Niculaus
1247 1939 1421 1982 ductilis

1003 2012 1180 2055 Niculai
1213 2012 1385 2055 dactilis

1003 2084 1148 2128 Nictit
1182 2099 1310 2127 canes
1345 2100 1441 2127 011111
1477 2088 1603 2128 acute
1636 2086 1783 2141 gignit

1003 2157 1084 2200 Nit
1116 2158 1212 2199 filat

1003 2229 1196 2272 Nitellae
1230 2230 1398 2273 nitores
1431 2231 1719 2273 ‹liminutiuae

1888 2165 1904 2191 27!

1907 2166 1922 2190 ’.Ἴ

1003 2302 1194 2344 Nimbus
1227 2305 1467 2358 tempestas

1004 2375 1194 2432 Ninguit
1225 2376 1374 2417 niuem
1408 2376 1550 2418 mittit

1003 2447 1103 2490 Nisi
1137 2447 1249 2489 forte
1284 2449 1485 2503 quamuis
1520 2449 1652 2491 etiam

1004 2520 1101 2562 Nisi
1135 2521 1219 2563 nisi
1254 2521 1290 2562 si
1323 2536 1411 2563 non
1888 2529 1922 2551 ⁸³⁰

1004 2592 1157 2635 Nihilo
1194 2593 1278 2635 fuit
1310 2592 1420 2634 nihil
1454 2593 1684 2649 impediuit

1003 2668 1140 2708 Nocte
1174 2665 1440 2721 intempesta
1474 2667 1616 2708 media
1647 2669 1776 2708 nocte

197 2946 229 2977 2.
258 2953 315 2977 om
352 2942 477 2986 01112.
506 2941 613 2976 sedet
638 2953 656 2977 0
675 2944 686 2988 ΙΙ
711 2946 762 2977 14.
790 2954 857 2977 om.
885 2954 903 2978 0
922 2943 933 2988 ΙΙ
953 2947 1010 2978 23.
1038 2942 1167 2978 inueni
1194 2954 1212 2979 0
1237 2945 1248 2988 ΙΙ
1277 2948 1333 2979 24.
1362 2946 1418 2978 25.
1446 2955 1513 2978 om.
1541 2945 1586 2987 01
1616 2942 1779 2978 Nibarus
1808 2956 1832 2979 (ι
1864 2954 1866 2989 J

102 3006 157 3038 20.

186 3014 252 3039 om.
274 3014 293 3038 0
315 3005 319 3045 Ι
343 3003 503 3037 euocata
529 3015 552 3037 α
571 3004 583 3047 ΙΙ
603 3006 660 3038 27.
687 3002 983 3038 Nechromantia
1009 3015 1028 3039 0
1047 3005 1059 3048 Ι]
1079 3008 1134 3039 28.
1163 3016 1230 3040 om.
1252 3016 1270 3039 c
1288 3005 1300 3049 ss
1321 3008 1376 3039 30.
1405 3003 1457 3037 sic
1483 3015 1502 3039 0
1521 3005 1533 3048 ΙΙ
1552 3007 1607 3038 31.
1636 3002 1802 3038 Nilicola
1821 3016 1839 3039 0
1859 3004 1870 3050 Η

101 3067 159 3098 33.
184 3062 298 3097 fallor
323 3074 341 3098 0
360 3063 371 3107 ΙΙ
392 3065 448 3097 34.
476 3073 542 3097 om.
567 3073 586 3097 0
605 3064 616 3108 ΙΙ
637 3067 693 3098 36.
720 3062 875 3097 molitus
902 3074 952 3098 ac
971 3065 983 3107 ΙΙ
1003 3067 1058 3098 37.
1086 3063 1238 3098 laborat
1263 3075 1281 3099 c
1301 3066 1311 3109 ΙΙ
1333 3068 1388 3098 39.
1416 3075 1482 3098 om.
1510 3075 1529 3098 0
1548 3065 1560 3108 Η
1579 3066 1636 3098 41.
1665 3062 1696 3097 31
1723 3074 1795 3098 11011
1818 3066 1865 3110 011

102 3127 159 3158 48.
185 3122 295 3157 Nitet
320 3121 495 3167 splendet
520 3133 540 3157 0
576 3124 587 3167 ΙΙ
625 3126 682 3158 52.
710 3122 890 3157 Nicolaus
917 3135 941 3158 α
975 3125 980 3169 Ι
1025 3123 1201 3159 dactulus
1229 3135 1247 3159 0
1278 3127 1289 3170 ΙΙ
1328 3128 1384 3159 53.
1412 3136 1478 3159 om.
1505 3135 1524 3159 c
1554 3125 1566 3169 ΙΙ
1599 3127 1654 3159 54.
1683 3123 1787 3158 canis
1814 3136 1832 3160 0
1861 3126 1863 3146 ¹

1860 3150 1864 3172 1

101 3182 237 3227 gannit
262 3194 312 3218 ac
331 3184 342 3228 ΙΙ
362 3186 418 3217 60.
447 3194 514 3217 om.
541 3184 590 3228 011
611 3186 666 3218 61.
695 3182 801 3218 Nihil
828 3182 952 3218 obfuit
977 3195 996 3219 0
1015 3185 1027 3230 ΙΙ
