2170 3522
58 768 140 798 149¹p

108 1130 141 1154 10

105 1561 138 1586 15

101 1920 135 1945 20

642 217 854 253 GLOSSAE
882 217 1066 253 CODICIS
1092 217 1321 253 VATICANI
1347 221 1435 252 3321

169 329 397 371 Subnectit
429 328 622 384 subligat

168 399 451 456 Subtegmine
483 400 643 442 subtile
675 400 748 442 filo

168 472 327 514 Subter
360 472 512 513 subtus

168 543 394 598 Suppelles
427 543 613 584 facultas

167 614 346 657 Subruit
379 614 594 656 subuertit

167 684 370 740 Sudem1)

166 757 316 813 Syrtes
349 758 468 800 sinus
502 758 681 800 africani
714 756 909 813 maris2)]

279 972 343 1014 De
376 975 395 1014 t
427 976 470 1014 et
503 988 527 1014 a

163 1044 304 1087 Tabes
337 1045 495 1086 macies

160 1117 309 1173 Tagax
341 1116 564 1158 furunclus

159 1188 283 1230 Talio
316 1188 573 1230 uicissitudo

158 1260 329 1302 Taliore
362 1260 468 1302 facti
501 1260 824 1315 repensantiore

158 1332 281 1374 Talia
314 1332 526 1374 eiusmodi

157 1403 392 1445 Thalamus
455 1403 677 1446 cuuiculus
748 1419 905 1459 sponse
968 1406 1011 1445 et

218 1491 366 1530 sponsl

157 1547 434 1589 Thalastrum
468 1547 635 1590 colofus
668 1548 713 1589 in
742 1547 830 1589 talo

156 1619 264 1661 Tam
296 1634 392 1662 sera
424 1622 515 1661 tam
548 1619 668 1660 tarde

155 1690 263 1733 Tam
294 1691 414 1733 nefas
448 1695 540 1733 tam
573 1691 833 1733 decertauile
866 1692 983 1733 facta

155 1762 263 1805 Tam
297 1763 412 1805 clara
444 1766 535 1805 tam
564 1763 797 1805 manifesta

155 1835 394 1890 Tamquam
428 1835 540 1878 sicut

154 1906 308 1949 Tames
342 1923 468 1950 cruor
500 1907 722 1964 sanguinis

154 1979 346 2022 Tandem
373 1980 603 2035 aliquando

1824 218 1905 259 181

1056 327 1290 369 Tantocius
1322 326 1545 369 tamcitius

1055 399 1269 441 Tantillus
1302 399 1495 441 modicus

1055 471 1287 526 Tantisper
1319 472 1478 513 iterum
1510 470 1579 512 uel
1610 471 1673 511 ita
1706 471 1877 512 demum

1054 542 1268 584 Tantomo
1303 545 1512 597 quantum
1546 545 1588 584 et
1622 542 1720 583 illut

1054 613 1271 655 Tauronia
1304 613 1458 655 ciuitas
1492 617 1558 656 est

1057 684 1306 737 {Talentum
1334 688 1505 728 centum
1533 687 1700 740 pondus
1724 685 1818 728 auri
1838 686 1905 728 uel

1928 553 1962 578 25

1115 757 1286 812 argenti

1051 829 1190 870 Taxat
1223 829 1367 884 tangit

1052 900 1339 942 Tantumdem
1372 901 1445 955 qui
1479 916 1610 955 supra

1051 972 1251 1014 Thalami
1283 972 1481 1014 cuuicula
1512 972 1732 1014 maritalia

1051 1043 1171 1085 Tabo
1230 1044 1439 1100 sanguine
1490 1047 1743 1099 corruptum
1794 1044 1906 1085 idest

1925 984 1959 1008 30

1113 1115 1254 1157 sanies

1052 1188 1261 1229 Tartarus
1287 1188 1408 1230 locus
1433 1188 1590 1229 inferni
1612 1187 1904 1243 gelidissimus

1051 1259 1215 1301 Tabida
1253 1260 1405 1302 morbo
1440 1260 1568 1315 plena
1600 1261 1667 1301 uel
1702 1262 1905 1314 corrupta

1050 1330 1172 1373 Talio
1207 1332 1367 1373 eisdem
1400 1332 1469 1373 uel
1501 1334 1747 1386 presentem
1934 1338 2023 1369 149u

1049 1403 1271 1444 Talaxtrix
1304 1404 1468 1445 colafor
1500 1404 1544 1445 in
1577 1404 1666 1445 talo
1923 1413 1958 1437 35

1049 1475 1242 1517 Tantane
1276 1478 1400 1517 tanta
1431 1490 1534 1532 ergo

1048 1547 1238 1589 Tantum
1271 1550 1361 1589 tam
1395 1563 1601 1604 magnum

1048 1618 1186 1661 Tarea
1229 1620 1365 1661 uestis
1404 1620 1522 1676 regia
1563 1624 1637 1662 aut
1669 1624 1774 1676 toga
1806 1636 1902 1676 pur-

1106 1706 1239 1746 purea

1047 1763 1171 1804 Tarsi
1204 1764 1452 1818 exploratos
1484 1765 1630 1820 gaudii

1046 1835 1281 1877 Tantocius
1315 1836 1634 1879 tantouelocius

1617 1909 1900 1950 triceruerum

1919 1844 1953 1868 40

1046 1907 1233 1949 Tantare
1301 1916 1500 1950 sicarmen
1510 1907 1541 1964 3)

1105 1980 1217 2022 idest
1249 1980 1486 2035 tricipitem

251 2112 285 2155 1)
309 2111 358 2156 ql.
384 2111 470 2146 add.
496 2122 541 2146 m.
568 2110 680 2156 2112>
704 2110 751 2157 ql.
779 2110 865 2145 add.
892 2121 936 2145 m.
964 2111 1076 2155 2113)
1104 2121 1149 2144 en
1175 2121 1201 2145 s.
1228 2117 1353 2146 vssscr.
1380 2122 1424 2145 m.
1452 2112 1504 2155 11}

249 2244 280 2277 4.
308 2241 510 2287 Suppellex
536 2252 560 2275 a
577 2242 589 2285 ss
610 2245 640 2276 6.
670 2245 700 2276 7.
728 2252 794 2276 om.
822 2254 846 2276 α
868 2242 872 2286 Ι
894 2246 1065 2278 secuntur
1091 2243 1131 2277 in
1157 2254 1198 2277 a:
1225 2241 1453 2276 Subnectare
1480 2242 1689 2287 deportare,
1718 2242 1792 2277 Sub
1820 2243 1897 2278 sole

153 2302 240 2335 ante
274 2301 368 2346 sole,
403 2301 511 2336 Sulco
539 2300 653 2336 aratri
681 2301 852 2346 ductum,
886 2302 1051 2346 Surgunt
1076 2301 1115 2335 in
1143 2303 1268 2336 actum
1295 2303 1532 2346 extruuntiu·,
1566 2302 1694 2347 Surgit
1718 2303 1896 2348 nascitur⁷

153 2360 228 2394 Sub
262 2359 406 2405 ingenti
443 2361 510 2395 sub
543 2360 746 2405 altissimo⁷
783 2361 888 2396 Sueti
921 2361 1089 2396 consueti
1122 2361 1279 2406 assueti,
1313 2361 1578 2407 Super-animus
1612 2363 1897 2408 superuixiinus,

154 2419 383 2454 Succendere
411 2420 582 2455 secedere
610 2419 704 2454 alias
731 2420 889 2465 intrare,
922 2421 1119 2456 Succincta
1145 2423 1321 2467 cooperta
1340 2425 1351 2467 [Ι
1372 2426 1402 2457 8.
1431 2434 1496 2457 om.
1524 2425 1654 2468 (10119.
1682 2423 1816 2457 maties
1843 2436 1861 2459 c
1885 2424 1896 2468 l*

153 2484 206 2515 10.
222 2480 370 2524 Tagrax
384 2493 407 2515 α
444 2481 568 2525 Tagas
590 2492 608 2516 c
630 2483 634 2525 Ι
657 2480 875 2515 furunculus
896 2494 928 2515 α.
957 2481 1143 2516 fluruncus
1164 2494 1182 2517 c
1201 2483 1211 2526 ΙΙ
1234 2486 1288 2518 12.
1304 2481 1459 2516 Talione
1480 2494 1530 2517 ac
1552 2483 1556 2528 Ι
1579 2482 1839 2527 repensatione
1860 2496 1894 2519 a.

150 2539 363 2585 repens-atio
379 2553 397 2576 c
415 2543 426 2586 ΙΙ
449 2544 501 2576 14.
517 2540 695 2575 Talamus
709 2553 728 2576 c
750 2543 754 2586 Ι
778 2540 971 2575 cubiculus
986 2552 1035 2576 ac
1057 2542 1062 2587 l
1086 2540 1212 2586 sponsi
1233 2543 1270 2576 et
1291 2553 1423 2586 sponse
1438 2554 1487 2578 (cc
1506 2543 1516 2586 ΙΙ
1538 2546 1592 2577 15.
1607 2542 1802 2577 Talastrus
1817 2556 1865 2579 ccc
1889 2544 1892 2589 1

151 2599 293 2634 colafus
315 2612 341 2636 c.
369 2600 549 2645 colaphus
569 2613 592 2635 a
612 2602 622 2646 ΙΙ
646 2605 698 2636 16.
714 2600 879 2635 Tausera
900 2600 1074 2635 tantarde
1095 2612 1113 2636 c
1132 2602 1143 2645 ΙΙ
1164 2605 1218 2636 17.
1233 2601 1313 2636 Tan
1333 2602 1438 2636 nefas
1453 2614 1471 2637 c
1494 2601 1497 2648 Ι
1520 2603 1600 2636 tam
1620 2602 1844 2637 detestabile
1860 2616 1892 2638 α.

150 2659 442 2694 tandetestabile
469 2672 487 2695 c
506 2662 517 2704 ΙΙ
538 2664 592 2696 20.
614 2660 731 2695 crucis
759 2673 776 2696 c
798 2664 802 2706 1
825 2662 988 2706 seqnitur
1012 2662 1052 2696 in
1072 2673 1112 2696 a:
1138 2660 1244 2695 Titus
1265 2672 1423 2705 querens
1443 2661 1561 2696 bonus
1583 2661 1661 2696 siue
1681 2661 1893 2708 lucssstatus

150 2718 419 2764 interpretatur
438 2720 448 2764 ΙΙ
469 2724 524 2754 21.
546 2720 710 2754 Tendem
735 2733 758 2756 a
778 2721 788 2765 ΙΙ
810 2725 864 2754 22.
885 2720 1084 2755 Tantotius
1111 2732 1128 2756 c
1147 2723 1158 2765 Η
1178 2725 1233 2755 23.
1255 2720 1454 2756 Tamtillus
1475 2733 1493 2757 c
1512 2724 1523 2767 ΙῙ
1544 2726 1599 2756 24.
1620 2721 1832 2767 Tamtisper
1846 2734 1864 2758 e
1888 2724 1890 2769 1

149 2778 300 2813 interim
327 2792 350 2814 a
371 2781 376 2824 l
399 2779 461 2813 uel
486 2791 551 2814 om.
578 2791 626 2815 ac
648 2784 652 2824 l
675 2779 730 2814 ita
757 2780 905 2814 demum
932 2791 996 2815 om.
1025 2792 1044 2815 c
1074 2783 1084 2824 ss
1117 2783 1173 2815 ⁶25.
1199 2780 1431 2815 Tantomodo
1458 2794 1491 2816 a.
1538 2782 1812 2816 Tantummodo
1839 2795 1857 2818 c
1886 2784 1889 2829 ᾗ

149 2839 244 2873 illud
270 2851 318 2875 ac
352 2840 356 2885 Ι
390 2841 554 2885 sequitur
578 2840 619 2874 in
644 2851 679 2875 c:
704 2839 904 2874 Tantidem
930 2841 972 2874 ut
998 2851 1110 2884 supra
1147 2841 1158 2884 ΙΙ
1196 2844 1251 2875 26.
1279 2842 1336 2875 est
1361 2853 1427 2876 om.
1455 2853 1503 2876 ac
1534 2843 1545 2886 Η
1584 2845 1638 2877 27.
1666 2841 1743 2887 uel]
1771 2843 1808 2876 et
1833 2854 1857 2877 a
1882 2843 1892 2888 Η

150 2903 206 2934 29.
233 2899 432 2934 Tantidem
458 2911 481 2934 α
501 2900 511 2945 ΙΙ
532 2902 586 2933 30.
614 2899 761 2933 Talami
788 2898 960 2934 cubicula
985 2911 1008 2934 a
1027 2901 1038 2944 ΙΙ
1059 2904 1114 2934 31.
1143 2902 1314 2945 corrupto
1342 2901 1402 2935 uel
1429 2900 1551 2935 sanies
1578 2914 1601 2936 a
1619 2902 1630 2946 ΙΙ
1651 2904 1705 2936 33.
1734 2900 1812 2935 siue
1838 2914 1862 2936 a
1881 2902 1892 2948 ΙΙ

150 2963 206 2994 34.
233 2958 374 2993 eisdem
399 2958 454 2993 rei
478 2959 649 3003 presente
675 2971 698 2994 a
734 2961 746 3004 ΙΙ
784 2962 840 2994 35.
867 2958 1036 2993 Talatrix
1063 2959 1205 2994 colafur
1230 2971 1253 2994 α
1294 2964 1298 3004 1

1337 2962 1501 3006 sequimi·
1525 2962 1566 2996 in
1592 2973 1632 2996 a:
1663 2960 1890 2995 Tardatione

149 3017 330 3052 tarditate
362 3020 373 3064 ΙΙ
407 3022 460 3053 36.
488 3019 651 3063 sequitur
675 3019 717 3053 in
742 3031 783 3054 a:
809 3019 988 3053 Tartarus
1015 3018 1117 3053 locus
1145 3019 1245 3064 apud
1271 3019 1408 3055 inferos
1434 3020 1599 3055 tenebris
1626 3020 1799 3054 confusus
1826 3020 1890 3055 ubi

149 3076 348 3122 impiorum
375 3076 497 3112 anime
524 3077 773 3113 detruduntur
810 3081 820 3123 ΙΙ
859 3083 914 3114 37.
941 3090 1098 3123 magnus
1124 3091 1147 3113 a
1187 3079 1191 3125 Ι
1231 3085 1405 3116 secuntur
1429 3082 1471 3115 in
1496 3092 1536 3116 a:
1568 3080 1744 3114 Talamus
1769 3079 1888 3115 lectus

149 3135 350 3181 nuptialis,
395 3136 571 3171 Talamus
610 3136 776 3172 eiusdem
820 3137 874 3172 rei
911 3137 1166 3182 reprehensio,
1205 3138 1311 3173 Talio
1350 3139 1465 3174 uestis
1509 3139 1613 3184 regia
1652 3139 1711 3173 uel
1747 3140 1844 3175 stola
1877 3179 1878 3182 Ἴ

150 3201 204 3232 38.
232 3208 419 3241 purpurea
444 3198 595 3242 inteopr.
623 3200 751 3243 (11139.
778 3197 930 3232 Tharsis
957 3198 1210 3243 exploratores
1237 3201 1290 3244 ass
1309 3203 1365 3235 41.
1393 3200 1612 3234 Tartareum
1639 3210 1765 3234 canem
1793 3212 1817 3235 a
1835 3203 1846 3246 Η
