2170 3522
279 221 365 261 354

279 329 477 370 Inhibere
511 327 689 368 ditinere
723 339 890 366 morare

279 400 517 441 Inhibitum
549 396 817 452 prohibitum

276 471 510 512 Inhonesta
542 469 701 523 probra
734 467 913 509 crimina

278 543 558 583 'Inhonestum
591 539 839 594 ludybrium
871 540 1041 591 turpem

277 614 534 654 Inhonestus
567 611 825 653 liuidinosus

278 685 542 726 Inhumanus
574 682 850 724 inmunificus

278 756 365 796 lnit
399 756 539 810 coepit
571 754 794 796 inchoauit
826 753 1019 794 initi-duit

275 827 468 868 Iniustus
502 827 674 881 iniquus

278 898 495 939 Inlectuus
529 898 601 952 qui
635 897 800 939 inducit
832 897 901 938 uel
935 896 1102 937 seducit

225 984 255 1007 10
276 969 473 1011 lnlauare
529 969 692 1011 inluere
755 969 1008 1010 descendere
1065 968 1124 1008 111-

334 1041 464 1082 fluere

276 1112 466 1154 Inlesum
498 1112 794 1168 inpopulabile

277 1184 438 1226 lnlibat
468 1199 555 1226 11011
589 1184 700 1226 cedit

277 1255 465 1298 Inlibata
497 1257 663 1297 intacta
694 1253 1082 1308 incontaminatas)

276 1326 505 1369 Inlicibrae
532 1327 685 1380 insidieg
714 1330 788 1368 aut
821 1326 934 1381 quod
960 1325 1124 1367 inlicite

336 1399 572 1441 sollicitam
610 1399 679 1440 uel
717 1398 925 1440 inducant
957 1400 1032 1438 aut
1065 1412 1124 1438 se-

335 1471 492 1512 ducant

227 1556 256 1578 15
277 1541 497 1583 llilicitum
541 1541 661 1583 nefas
706 1542 803 1597 plus
844 1557 972 1596 quam
1011 1541 1121 1583 nedi-

336 1614 467 1655 cendo

276 1684 566 1740 Inligamenta
597 1686 728 1727 fibule

276 1756 438 1811 lnligat
470 1757 653 1799 innectit

278 1827 490 1883 Inlinguis
523 1831 668 1870 mutus

277 1899 487 1941 Inlustrat
520 1900 730 1955 conspicit

223 1984 256 2008 ‘20
275 1970 454 2012 Inlitum
489 1972 674 2013 oblitum

276 2041 435 2083 Inlisus
469 2044 667 2098 caplosus

275 2112 510 2155 Inlidentes
545 2115 784 2157 carinentes
811 2114 1081 2169 incippantes
1091 2111 1124 2168 2)

276 2184 474 2227 Inmanes
514 2186 693 2228 inormis
731 2187 828 2242 plus
861 2201 886 2227 a
925 2200 1126 2227 mensura

335 2257 530 2299 infinitus

278 2328 494 2371 Inmemor
528 2330 697 2372 dilabor

224 2413 256 2437 2²5»
277 2393 547 2442 Inmaturum
581 2402 782 2443 acerbum

276 2471 472 2513 lnmense
507 2473 597 2514 sine
631 2488 831 2514 mensura

933 214 1144 250 GLOSSAE
1173 212 1364 248 ABAVVS

1163 323 1215 364 111
1247 325 1436 364 mentem
1467 322 1513 363 in
1545 322 1737 364 animum

1163 394 1369 435 Imminet
1401 393 1614 436 incumbit

1163 466 1213 506 In
1245 473 1387 507 mente
1420 466 1559 507 habeo
1593 465 1847 507 reminiscor

1163 537 1358 579 Inmobis
1392 538 1612 579 inmobilis
1645 537 1836 578 inmotus
2034 547 2069 572 30

1162 608 1479 651 Immoderatus
1513 609 1693 650 abrutus
1725 608 1996 649 inmodestus

1163 680 1437 723 Inmodestus
1470 681 1742 722 effeminatus

1163 752 1401 794 lnmundus
1441 753 1637 794 sordidus
1669 751 1922 806 inquinatus
1955 751 2016 792 in-

1222 840 1355 879 purus

1164 895 1351 938 Innectit
1390 896 1547 953 inligat
1592 895 1779 938 inuolbit
1825 897 1900 936 aut
1945 908 2016 950 ag—

1222 970 1441 1009 mentatur

1163 1039 1358 1081 Innitens
1397 1040 1650 1082 incumbens
1692 1039 1759 1081 uel
1795 1038 2012 1080 confidens
2033 1047 2068 1073 35

1163 1111 1372 1152 Innocens
1405 1110 1606 1152 innoxius
1640 1110 1731 1152 sine
1764 1111 1892 1165 culpa

1164 1182 1418 1224 Innocentia
1450 1182 1623 1224 bonitas

1162 1253 1400 1295 Innodatus
1435 1253 1614 1295 adnixus
1647 1253 1858 1309 inligatur

1163 1324 1370 1366 Imioxius
1404 1325 1572 1366 solutus
1605 1325 1810 1366 innocens

1163 1396 1368 1438 Innatum
2034 1406 2071 1431 40

1163 1467 1309 1522 Inopit
1343 1471 1540 1524 aegestas

1163 1538 1342 1581 Innubis
1376 1540 1449 1594 qui
1480 1539 1588 1580 nulli
1620 1540 1755 1581 nubet

1164 1610 1312 1652 Innuit
1342 1611 1522 1652 nutibus
1555 1614 1702 1653 monet

1165 1681 1362 1724 Inoliscit
1395 1683 1550 1724 crescit
1582 1683 1650 1724 uel
1683 1683 1827 1738 iungit

1164 1753 1352 1796 Inoleuit
1396 1754 1581 1796 increuit
1628 1754 1735 1796 cesit
1785 1757 1860 1796 aut
1908 1755 2068 1797 insa-⁴5

1224 1830 1367 1868 matur

1164 1898 1293 1953 Inops
1327 1913 1490 1954 pauper

1164 1970 1463 2012 lnordinatum
1495 1969 1767 2012 inconditum

1163 2041 1444 2096 Inopinatum
1475 2041 1754 2097 inproussum

1163 2112 1349 2155 Inormis
1388 2114 1574 2155 inmanis
1612 2114 1681 2156 uel
1714 2113 1811 2168 plus
1845 2128 1869 2154 a
1901 2128 2011 2155 men-

1224 2200 1325 2227 sura

1164 2257 1436 2312 Inpacienter
1467 2257 1759 2299 inabtinenter
2033 2264 2068 2290 50

1163 2329 1334 2384 Inpedit
1366 2329 1590 2384 praepedit
1621 2329 1848 2383 indopetat

1163 2400 1365 2455 Inpendit
1398 2400 1717 2456 superaeminet

1163 2472 1346 2527 Inpense
1379 2474 1578 2527 sumptus

374 2578 405 2621 l)
424 2577 721 2611 Incoutaminata
743 2579 848 2622 quasi
862 2589 931 2623 pro
951 2589 1045 2613 nora
1064 2578 1111 2623 [ΙΙ.
1127 2582 1176 2613 est
1195 2580 1206 2623 ΙΙ
1226 2579 1261 2622 2)
1280 2576 1519 2622 lncippantes
1540 2578 1648 2623 quasi
1662 2588 1733 2622 pro
1752 2588 1847 2612 ‘nova
1865 2577 1912 2623 91.
1933 2580 1984 2613 est
2002 2577 2013 2623 {1

373 2665 402 2693 1.
431 2660 588 2694 delinire
615 2673 674 2695 ac.
715 2660 879 2694 detinere
907 2662 981 2695 lule
1005 2664 1008 2703 1
1032 2672 1195 2695 momare
1221 2664 1350 2706 (16112.
1377 2659 1591 2695 Inhabitum
1617 2671 1666 2695 ac
1685 2662 1696 2705 ΙΙ
1725 2664 1757 2695 3.
1784 2660 1904 2705 proba
1929 2672 1978 2696 ac
2002 2663 2013 2705 ’ξ

277 2722 307 2752 4.
335 2718 536 2754 ludibrium
570 2733 592 2755 α
604 2721 704 2755 bede
748 2722 758 2764 ΙΙ
802 2723 833 2753 5.
860 2719 1083 2764 lipidinosus
1115 2732 1172 2755 ac.
1223 2719 1446 2754 libidinosus
1479 2731 1522 2755 eoe
1553 2731 1642 2755 corr.
1671 2721 1692 2755 b
1734 2721 1745 2764 ΙΙ
1790 2723 1820 2754 7.
1847 2719 1936 2754 Iniit
1960 2731 1978 2755 e
2002 2721 2013 2766 {j

277 2781 306 2811 9.
336 2778 496 2813 Inlectus
523 2781 570 2814 (Ie
594 2790 595 2795 ¹
619 2779 792 2813 inductus
820 2779 878 2813 uel
907 2779 1080 2813 seductus
1107 2781 1154 2814 de
1173 2782 1184 2824 ΙΙ
1210 2784 1259 2815 10.
1287 2779 1456 2814 lnlabere
1483 2780 1560 2814 bde
1579 2782 1590 2823 η
1613 2783 1665 2815 12.
1686 2790 1761 2813 11011
1785 2778 1928 2813 recedit
1953 2779 1977 2814 d
2002 2779 2014 2825 {l

281 2841 330 2871 14.
362 2838 546 2873 Inlecebre
575 2839 660 2873 bele.
699 2837 873 2872 lncebrae
900 2850 948 2873 ac
982 2841 986 2882 1
1019 2837 1169 2872 inlecite
1195 2851 1244 2873 ac
1267 2842 1270 2882 Ι
1293 2838 1475 2872 inducunt
1500 2840 1604 2875 aede
1634 2847 1635 2885 5
1666 2839 1848 2873 seducunt
1873 2839 1977 2873 aede
2002 2839 2013 2885 j}

282 2901 330 2930 15.
347 2908 412 2931 nec
429 2897 626 2931 dicendum
642 2898 776 2932 abedo
795 2901 806 2942 ll
826 2900 880 2932 22.
896 2897 1109 2932 Inludcntes
1130 2900 1263 2934 abcde
1285 2901 1290 2943 1
1313 2898 1522 2933 carinantes
1538 2911 1556 2934 c
1575 2902 1585 2943 ΙΙ
1606 2903 1661 2934 ⁴23.
1674 2899 1837 2933 Inmanis
1858 2898 2011 2944 alsede}

278 2954 441 2989 infinitur
461 2969 509 2991 ac
529 2960 540 3001 ll
559 2961 615 2991 30.
637 2955 828 2990 Inmobilis
850 2957 929 2991 aed
949 2959 959 2999 Η
980 2962 1034 2991 32.
1050 2957 1286 2992 effaminatus
1307 2969 1356 2992 ac
1375 2960 1386 3001 ῙΙ
1406 2961 1461 2992 34.
1477 2957 1637 2993 inuoluit
1650 2958 1785 2993 abcde
1807 2962 1811 2999 1
1835 2967 2012 3002 augmen-

278 3018 378 3048 tatur
397 3017 497 3050 aber
516 3018 527 3060 Η
548 3020 603 3051 38.
624 3015 770 3050 innixus
798 3017 844 3049 (Ie
867 3018 871 3060 1
895 3015 1075 3060 inligatus
1101 3018 1235 3052 «bede
1254 3020 1265 3063 11
1285 3022 1340 3052 40.
1362 3017 1426 3061 qui
1445 3028 1519 3051 non
1540 3019 1598 3052 est
1616 3019 1745 3051 natum
1764 3018 1914 3061 interpr.
1935 3018 1983 3052 (le
2002 3018 2013 3062 r}

279 3079 332 3107 41.
357 3075 482 3118 Inopia
508 3076 639 3110 abcrle
659 3077 669 3119 ΙΙ
690 3080 744 3109 4-2.
768 3074 909 3108 lnnuba
935 3087 1030 3119 quae
1057 3077 1104 3110 (Ic
1127 3086 1131 3115 ι
1154 3076 1262 3111 nubit
1281 3078 1359 3111 abc
1379 3078 1389 3121 ΙΙ
1409 3080 1463 3111 43.
1485 3078 1612 3111 mouet
1637 3077 1712 3112 bde
1731 3077 1742 3120 ΙΙ
1761 3080 1816 3110 44.
1837 3075 2014 3110 Inolescit

278 3134 408 3167 ubeda»
427 3137 437 3178 Η
458 3138 511 3168 45.
540 3134 653 3168 cessit
678 3135 782 3169 (tede
801 3137 812 3179 ΙΙ
832 3138 886 3169 48.
914 3134 1142 3178 1111110111511111
1170 3137 1303 3170 (thecle
1322 3138 1333 3179 ΙΙ
1353 3140 1408 3169 49.
1434 3135 1576 3170 inmani
1603 3148 1651 3171 ac
1669 3137 1680 3180 ΙΙ
1701 3140 1754 3170 50.
1782 3135 2013 3180 Inpatienter

278 3190 548 3226 inabstinontvr
575 3196 705 3229 ubeda*
724 3197 736 3240 l}
756 3200 809 3229 51.
837 3194 1009 3238 Inpendit
1037 3209 1084 3229 ac
1106 3202 1110 3238 Ι
1134 3195 1342 3240 indupvdut
1367 3197 1425 3230 de.

1477 3195 1682 3240 indopedat
1708 3196 1727 3229 b
1747 3197 1758 3240 ΙΙ
