2170 3522
601 199 814 235 GLOSSAE
842 198 1025 235 CODICIS
1053 198 1412 234 SANGALLENSIS
1439 202 1506 234 912
1829 197 1912 239 291

179 309 376 364 Tempsit
408 309 678 364 contempsit

179 380 321 422 Tenus
354 395 489 435 usque

179 451 320 493 Tensa
351 465 485 507 genus
519 450 674 493 ueicoli

179 523 385 565 Tentoria
417 523 649 577 papilionis

144 606 160 631 5
180 594 325 636 Tenax
357 608 512 636 auarus
544 608 827 649 perseuerans

139 674 143 679 '
178 665 336 707 Tenuis
370 665 544 721 gracilis

126 963 159 988 10

63 1175 146 1208 1461

125 1321 158 1347 15

64 2106 152 2139 146ιι

178 736 320 778 Tenor
351 751 553 778 mensura
585 737 690 778 ordo

178 808 406 850 Tenacitas
440 808 708 850 continentia

178 880 364 922 Theoria
397 880 684 922 consideratio

178 952 410 994 Thesicure
443 967 566 993 mura
598 951 750 1006 quinta

178 1024 446 1066 Thesaurum
476 1022 655 1078 pecunie
689 1023 933 1077 depositum

178 1095 423 1137 Theusebia
455 1095 670 1150 sapientia

179 1166 470 1222 Theophilum
503 1181 631 1221 quem
657 1167 761 1208 deus
794 1165 939 1221 diligit

178 1238 432 1280 Temerator
462 1238 664 1294 litigatur
696 1238 886 1280 uiolator

178 1310 403 1352 Terribilis
436 1310 690 1351 metuendus

176 1381 345 1423 Teretri
377 1381 520 1423 trunci
551 1381 735 1422 rudundi

177 1452 380 1494 Terretus
414 1453 616 1495 turbatus

177 1524 465 1580 Tergeninam
498 1525 715 1579 triplicem

177 1595 328 1637 Terret
358 1596 474 1651 pisat
506 1596 682 1638 terendo
715 1595 820 1652 pede

125 1680 140 1704 2
178 1667 482 1723 Tergiuersare
502 1667 643 1723 fugire
661 1670 705 1709 et
726 1668 841 1709 dicta
861 1670 1028 1709 mutare

178 1739 401 1795 Terrigine
436 1740 636 1795 gigantes

178 1811 344 1867 Tergus
376 1814 552 1867 tergora
582 1811 716 1866 pelles
749 1814 792 1853 et
824 1812 941 1853 coria

178 1882 441 1924 Terminalia
481 1883 571 1924 dies
615 1882 716 1924 festi
760 1883 1027 1938 pertinentes

239 1954 291 1995 ad
324 1954 559 1996 terminum
592 1969 720 2010 quem
752 1956 878 1997 deum
910 1958 1029 2010 pota-

237 2029 394 2068 uerunt
426 2027 594 2068 romani

178 2096 406 2139 Terminus
438 2098 536 2140 finis

127 2184 161 2209 25
179 2167 404 2210 Terriuola
434 2168 744 2212 formidolosus

179 2240 389 2282 Terebrat
420 2243 643 2296 pertundit
673 2242 790 2284 forat

179 2311 347 2354 Terreti
379 2313 497 2368 gima
528 2314 715 2356 rotunda
747 2328 920 2370 gemma

180 2382 412 2426 Terrificus
446 2387 657 2428 terrorem
688 2386 851 2428 faciens

180 2455 332 2497 Terret
365 2456 589 2499 confundit
621 2461 831 2500 terrorem
863 2457 1030 2499 incudit

1066 308 1229 351 Teredo
1261 308 1421 350 uermis
1453 308 1498 349 in
1529 307 1649 363 ligno
1937 320 1971 343 30

1067 380 1316 421 Terestrum
1344 380 1609 421 mauurtium
1633 379 1746 434 quod
1770 378 1918 420 mulie-

1126 466 1194 493 res
1228 451 1400 493 arabiae
1433 454 1617 493 utuntur

1068 523 1303 577 Trepudiat
1336 523 1541 578 gaudium
1573 523 1740 564 exultat

1067 594 1235 635 Tresoli
1268 594 1461 635 triduum

1068 665 1318 706 Tremulum
1351 665 1541 719 crispum

1067 736 1218 778 Trenis
1251 736 1482 791 temptatio
1936 747 1970 772 35

1066 807 1395 849 Testamentum
1426 811 1602 862 pactum
1945 814 2027 845 147Γ

1066 877 1239 935 Testa¹)
1272 893 1378 920 uasa
1408 879 1562 920 fictilia
1594 882 1637 921 et
1670 883 1799 934 caput

1067 950 1237 1005 Tesqua
1268 951 1440 992 deserta
1472 965 1624 1006 aspera

1067 1022 1270 1064 Testator
1307 1023 1494 1064 testibus
1527 1022 1826 1077 praesentibus
1858 1023 1918 1064 lo-

1127 1094 1276 1149 quitur

1067 1166 1293 1208 Testinum
1327 1168 1591 1220 oportunum
1937 1176 1972 1201 4ο

1066 1239 1255 1280 Testudo
1282 1237 1473 1279 densitas
1500 1251 1720 1278 ramorum
1748 1239 1792 1278 et
1819 1252 1914 1279 con-

1124 1310 1290 1352 iunctio
1324 1311 1545 1351 scutorum

1066 1382 1195 1424 Teter
1226 1381 1350 1437 niger

1067 1453 1291 1495 Tessarius
1325 1452 1399 1507 qui
1431 1451 1593 1494 bellum
1624 1451 1800 1493 nuntiat

1067 1525 1201 1567 Tesus
1236 1511 1416 1566 odiosus*

1067 1597 1245 1638 Tetrum
1278 1596 1509 1637 obscurum
1938 1607 1973 1631 45

1066 1667 1252 1725 Teutoni
1285 1667 1451 1723 cymbri
1484 1667 1590 1723 galli

1066 1739 1345 1781 Tesxtrinum
1376 1739 1496 1781 locus
1529 1738 1604 1780 ubi
1635 1738 1760 1779 nabis
1794 1737 1921 1779 fabri-

1127 1814 1279 1854 cantur

1067 1883 1324 1925 Tetrarclies
1376 1885 1532 1938 quarta
1580 1884 1750 1937 partem
1798 1880 1920 1936 regni
1949 1888 2035 1921 147u

1127 1957 1323 1997 tenentes

1067 2027 1263 2069 Tetricus
1297 2027 1506 2069 obscurus

1067 2097 1290 2155 Tetitini2)
1325 2099 1454 2155 genui
1487 2098 1587 2140 abui
1940 2108 1974 2132 50

1067 2170 1221 2213 Teucri
1252 2170 1413 2212 troiani
1586 2170 1588 2172 ’

1068 2242 1234 2297 Tyarus
1268 2242 1425 2284 chorus
1457 2241 1584 2283 liberi
1616 2240 1754 2295 patris

1067 2313 1249 2355 Thisum
1283 2329 1405 2356 sacra

1068 2386 1240 2440 Thyara
1284 2386 1409 2441 galea
1451 2385 1620 2440 persica
1657 2386 1700 2425 et
1740 2383 1920 2438 pilleum

1127 2457 1359 2513 frigiorum

279 2587 313 2629 1)
341 2597 357 2619 s
381 2597 427 2621 m.
456 2590 474 2620 1
501 2598 529 2622 s.
555 2599 586 2623 v.
613 2588 761 2632 scripsit
779 2589 790 2632 l}
810 2590 845 2631 2)
866 2592 1051 2633 postrema
1076 2586 1089 2620 i
1115 2588 1255 2622 ineerta
1274 2588 1286 2631 ΙΙ

276 2711 307 2741 3.
328 2706 493 2742 uehiculi
512 2707 531 2741 b
551 2707 563 2750 Π
582 2710 614 2741 4.
634 2705 844 2751 papiliones
864 2719 913 2742 ac
933 2708 943 2751 ΙΙ
964 2712 994 2741 9.
1016 2704 1284 2751 contemplatio
1305 2706 1354 2740 cd
1373 2707 1383 2750 ΙΙ
1406 2709 1458 2741 10.
1481 2717 1546 2741 om.
1568 2705 1676 2740 abed
1695 2704 1706 2747 Η
1729 2707 1781 2738 12.
1802 2702 1920 2737 Theo-

183 2765 288 2800 sebia
313 2767 364 2801 ab
384 2768 394 2810 ΙΙ
417 2770 469 2801 14,
497 2764 672 2810 litigatur
697 2777 763 2801 om.
791 2767 867 2801 abc
886 2768 897 2811 ΙΙ
918 2770 970 2800 16.
998 2765 1122 2800 Tereti
1147 2765 1267 2800 tronci
1292 2765 1443 2800 rotundi
1469 2766 1519 2800 ab
1539 2766 1550 2809 ss
1571 2768 1625 2799 17.
1646 2762 1810 2797 Territus
1837 2763 1886 2797 cd
1911 2762 1923 2808 Η

184 2830 238 2861 18.
264 2825 523 2870 Tei-geminam
550 2826 584 2860 d.
623 2825 885 2870 Torgeminam
905 2827 955 2861 (cb
975 2827 986 2871 Η
1007 2830 1061 2860 19.
1081 2825 1186 2860 Terit
1210 2824 1313 2870 pis-at
1338 2836 1360 2859 a
1384 2825 1538 2859 terendo
1564 2823 1659 2869 pede
1679 2821 1820 2856 dictum
1841 2823 1891 2857 ab
1910 2822 1922 2869 {l

182 2890 237 2921 20.
263 2886 392 2931 fugere
418 2886 500 2921 abd
519 2887 530 2928 ΙΙ
549 2889 605 2919 21.
632 2885 830 2933 Terrigene
857 2887 908 2921 ab
927 2889 939 2931 11
959 2890 1014 2921 23.
1039 2887 1268 2930 putauerunt
1294 2887 1344 2921 ab
1364 2886 1374 2929 ΙΙ
1395 2888 1451 2920 25.
1478 2883 1670 2918 Tei-ribola
1696 2883 1747 2917 ab
1769 2886 1774 2924 Ι
1796 2881 1922 2916 formi-

183 2945 312 2980 dolosa
338 2946 362 2981 d
380 2948 392 2990 ΙΙ
411 2949 466 2980 27.
494 2943 619 2979 Tereti
643 2955 792 2989 gemma
818 2947 868 2980 ab
888 2947 899 2991 ΙΙ
920 2950 974 2980 29.
995 2944 1131 2979 incutit
1156 2946 1206 2980 ab
1225 2946 1236 2990 ΙΙ
1257 2949 1312 2980 31.
1338 2943 1571 2979 Theristrum
1596 2943 1646 2977 ab
1670 2943 1674 2986 Ι
1696 2940 1921 2976 mauortium

183 3006 266 3040 abd
288 3007 293 3049 Ι
315 3016 387 3049 quo
414 3004 497 3040 abd
515 3005 527 3047 ss
547 3007 601 3038 32.
628 3004 766 3048 gaudio
793 3016 811 3040 c
830 3006 840 3050 ΙΙ
861 3009 916 3039 33.
937 3006 1012 3038 tres
1040 3003 1109 3039 soli
1128 3005 1211 3039 abd
1229 3006 1241 3049 ΙΙ
1261 3009 1317 3040 35.
1338 3001 1651 3049 temptationibus
1678 3002 1728 3036 ab
1748 3003 1759 3045 ΙΙ
1779 3005 1835 3036 37.
1862 3011 1922 3035 ca-

182 3063 271 3109 pitis
298 3065 336 3099 et
360 3074 427 3098 uas
454 3062 567 3097 fictile
593 3064 641 3109 ‹3ss
661 3068 715 3099 39.
742 3064 918 3099 Testatur
943 3064 1052 3099 abed
1077 3066 1088 3109 ΙΙ
1114 3068 1170 3099 43.
1196 3063 1432 3109 praepositus
1459 3073 1631 3097 curruum
1657 3060 1757 3104 quod
1781 3060 1921 3095 bellum

182 3122 336 3158 nunciat
360 3124 385 3158 d
403 3125 414 3169 ΙΙ
433 3126 488 3158 46.
517 3134 582 3158 om.
609 3124 722 3159 abed
740 3125 752 3168 ΙΙ
771 3127 826 3159 47.
854 3122 1073 3158 Textrinum
1098 3124 1181 3158 abd
1203 3125 1207 3168 Ι
1229 3134 1344 3158 naues
1370 3123 1453 3158 abd
1473 3125 1484 3167 ΙΙ
1503 3126 1558 3156 48.
1585 3120 1787 3168 Tetrarche²
1813 3131 1921 3164 quar—

183 3184 261 3217 tam
287 3184 338 3218 ab
354 3185 369 3228 fl
389 3187 444 3218 50.
471 3181 588 3216 habui
613 3183 664 3218 ab
682 3184 694 3227 11
715 3187 770 3218 52.
797 3182 967 3226 'l'hyasus
994 3183 1044 3217 ab
1063 3184 1075 3227 ΙΙ
1094 3185 1150 3217 53.
1177 3181 1367 3226 Thyasum
1393 3182 1549 3226 ab1154.
1576 3179 1688 3215 Tiara
1714 3181 1768 3216 ad
1786 3182 1798 3225 ΙΙ

1568 3241 1639 3275 19*
