2232 3548
890 211 1162 246 PRAEFATIO
1849 212 1898 246 XI

154 325 193 367 5.
233 324 377 366 Abditi
414 323 639 365 absconditi
676 322 781 372 tecti,
827 322 865 363 6.
903 321 1068 363 Abeunt
1107 322 1274 362 redeunt
1316 321 1492 370 uadunt,
1539 321 1574 361 7.
1614 320 1717 362 Abis
1753 321 1902 362 recedis

152 396 293 450 nadis,
331 394 369 436 8.
402 394 642 435 Abnueram
674 408 756 435 non
788 393 1011 446 reciperavi
1042 392 1290 447 refellerant,
1328 392 1366 433 9.
1399 391 1464 432 Ab
1496 391 1620 446 stirpe
1650 391 1700 432 ab
1733 392 1900 445 oriyine,

158 467 222 508 10.
254 465 420 507 Absono
449 468 704 518 praepostero
737 465 924 515 absurdo,
961 465 1024 505 11.
1059 464 1248 505 Abscedit
1278 463 1461 515 discedit,
1499 464 1560 503 12.
1594 462 1791 504 Abieione
1822 464 1901 504 dis-

154 538 344 587 cessione,
382 537 448 578 13.
481 536 617 577 Abira
648 536 854 589 coeptabat
885 536 946 576 ire
976 535 1211 588 incipiebat,
1249 535 1310 575 14.
1344 534 1525 575 Abitndo
1557 534 1691 575 abitus
1723 535 1902 587 emporis

151 609 237 651 siue
280 608 412 650 cultus
454 608 805 661 uestimentormn„
854 607 916 648 15.
957 606 1184 647 Abdicatus
1224 607 1555 658 condempnatus,
1605 606 1669 646 16.
1709 605 1901 646 Abicitur

151 680 433 730 contemnitur,
463 679 529 720 17.
550 678 783 731 Abimyare
801 691 959 732 neyare,
990 678 1053 719 18.
1075 677 1260 718 Abolicio
1279 677 1419 718 delicio
1436 680 1651 730 cestorum,
1681 677 1745 718 19.
1768 676 1903 717 Abusi

151 750 258 792 male
289 751 372 801 nsi,
413 750 480 792 20.
514 749 762 791 Abstrusunz
795 762 974 802 caecum,
1013 749 1080 790 21.
1115 748 1260 789 Abolet
1289 748 1447 789 detollct
1476 748 1681 801 absteryit,
1715 748 1784 788 22.
1820 747 1901 788 Ab-

150 823 296 863 stracte
342 821 457 862 cicctc
499 820 691 875 abducte,
741 820 809 861 23.
854 819 1057 860 Abiitrate
1104 819 1267 873 furate,
1318 819 1386 859 24.
1434 819 1579 860 Abesto
1623 819 1766 860 absens
1809 821 1903 871 esto,

152 891 219 934 25.
258 891 418 933 Absitis
454 891 640 945 queritis,
680 891 746 933 26.
786 891 926 932 Abiete
960 904 1088 944 qenins
1127 890 1245 944 ligyni,
1285 890 1352 931 27.
1387 890 1452 930 Ab
1491 890 1646 942 oriqine
1682 904 1709 930 a
1744 903 1896 943 ycncrc,

151 965 219 1006 28.
251 962 491 1005 Absnrdmn
523 966 691 1015 turpem,
724 962 790 1003 29.
818 962 987 1003 Abolita-
1013 962 1194 1003 abstersa
1220 962 1359 1014 deleta,
1394 962 1459 1003 30.
1488 961 1714 1002 Abdicatus
1740 961 1900 1002 alienns

151 1049 178 1076 a
208 1036 297 1088 fide.
348 1034 414 1075 Ex
449 1034 605 1088 quibus
639 1033 815 1089 glossis
830 1048 927 1075 cum
961 1032 1249 1075 ‘abstrusa’
1283 1032 1498 1088 glossario
1533 1032 1765 1074 concinunt
1796 1033 1832 1086 1,
1865 1034 1903 1085 2,

151 1108 190 1161 3,
221 1107 261 1156 4,
294 1106 332 1158 6,
366 1106 403 1158 7,
437 1106 474 1159 8,
507 1106 546 1156 9,
582 1105 648 1159 10,
684 1106 748 1157 12,
786 1106 850 1159 13,
888 1106 951 1159 14,
988 1105 1054 1159 19,
1087 1105 1154 1158 22,
1188 1105 1263 1145 27ε
1299 1119 1396 1145 011111
1424 1104 1560 1145 altero
1589 1103 1802 1159 glossario
1836 1104 1900 1156 11,

153 1178 226 1230 17,
263 1177 333 1229 18,
366 1177 442 1231 23,
474 1177 548 1230 24,
581 1176 656 1228 26,
694 1175 770 1216 29ε
813 1176 838 1217 8
872 1175 1045 1230 glossae
1085 1175 1394 1216 desiderantur.
1462 1174 1579 1224 Quae
1620 1173 1903 1229 congruentia

151 1249 284 1290 etiam
312 1248 416 1289 alibi
444 1247 652 1302 occurrit3
684 1247 805 1288 velut
831 1247 876 1288 in
900 1247 1050 1288 littera
1074 1247 1132 1288 V:
1169 1247 1349 1288 Vabruni
1374 1247 1567 1287 vmbriam
1594 1245 1900 1298 nznltisormcm,

159 1321 352 1362 Valitudo
393 1319 588 1371 fortitudo
627 1332 683 1360 an
721 1319 879 1360 uirium
918 1319 1075 1373 demisi,
1115 1318 1298 1372 Vagsatm·
1337 1319 1483 1371 ubique
1523 1331 1663 1372 yressn
1704 1317 1899 1369 instabili,

160 1392 330 1434 Vastunz
365 1392 597 1432 inmensam
628 1390 693 1432 nel
723 1391 937 1443 desertum,
980 1390 1125 1431 Valide
1153 1391 1333 1445 fortiter,
1374 1390 1665 1431 Vaticinantm·
1697 1389 1903 1440 dim'nant,

158 1463 284 1516 Vafre
334 1463 456 1504 ualde
498 1462 637 1516 itaf'rc,
688 1462 812 1515 Vassis
852 1462 970 1513 foras
1014 1474 1178 1502 uersam
1226 1461 1487 1511 tumentibus,
1540 1460 1684 1502 Vatcia
1728 1460 1904 1501 (1111013125-

142 1535 322 1588 plantis,
368 1533 489 1575 Vibia
532 1547 700 1587 naraon,
752 1533 884 1575 Vacca
927 1534 1112 1585 confersa
1155 1547 1282 1575 uacca
1318 1534 1536 1587 paritura,
1583 1532 1782 1585 Vaanrit
1826 1532 1905 1571 otio

150 1607 305 1659 deperit
333 1609 485 1659 nayat:
519 1619 627 1659 quae
661 1605 940 1646 conferantur
973 1620 1070 1646 cum
1102 1621 1140 1659 p.
1173 1606 1271 1657 188,
1308 1605 1399 1645 189.
1454 1604 1579 1653 Quod
1613 1602 1810 1658 quamvis
1843 1602 1906 1643 ita

153 1679 280 1732 esset,
305 1679 452 1718 tamen
478 1677 522 1718 in
549 1679 809 1731 apparatum
837 1676 1076 1730 scripturas
1105 1676 1266 1717 codicis
1293 1690 1380 1716 non
1409 1674 1586 1729 admisi,
1616 1674 1660 1715 111
1686 1673 1904 1728 plerisque

153 1748 265 1790 enim
293 1748 423 1790 lectio
452 1747 662 1789 concinit:
689 1747 764 1788 ubi
792 1747 1019 1802 discrepat,
1047 1747 1236 1802 suspicio
1259 1746 1643 1789 contaminationis
1664 1760 1751 1787 non
1773 1745 1904 1786 semel

148 1819 354 1875 proclivis
395 1822 471 1861 est.
539 1818 719 1874 Saepius
756 1819 938 1875 denique
971 1819 1163 1860 dubitari
1195 1818 1360 1873 poterit
1393 1819 1442 1859 de
1476 1818 1617 1859 fonte:
1658 1832 1759 1858 nam
1793 1831 1905 1871 quac

152 1894 399 1947 congruunt
432 1891 616 1947 glossae,
647 1891 763 1932 haud
796 1906 893 1932 raro
927 1891 1061 1932 etiam
1093 1891 1138 1931 in
1170 1890 1266 1931 aliis
1300 1890 1525 1945 glossariis
1559 1891 1720 1931 extant.

269 1964 294 2015 ἓ
327 1963 363 2004 6.
416 1961 580 2004 Similis
614 1977 681 2004 res
715 1962 859 2004 estin
892 1962 1087 2018 glossis
1115 1961 1161 2003 ‘a
1188 1961 1253 2016 a',
1286 1976 1392 2016 quas
1420 1964 1463 2002 et
1490 1960 1726 2002 Loewius
1754 1963 1798 2001 et
1825 1974 1904 2015 ego

150 2035 233 2076 1100
265 2034 397 2076 titulo
430 2034 498 2075 1131
525 2034 696 2088 saepius
725 2034 1170 2075 commemoravimus.
1222 2032 1354 2075 Cuius
1383 2033 1587 2088 glossarii
1614 2014 1775 2087 reperti
1804 2035 1906 2073 sunt

147 2105 195 2147 hi
232 2105 351 2147 libri:
394 2107 436 2161 1)
472 2106 604 2147 codex
643 2104 976 2147 Cassinensis
1009 2106 1115 2160 401,
1154 2105 1527 2160 membranaceus,
1566 2119 1672 2146 saec.
1707 2103 1767 2157 X,
1808 2117 1906 2158 apo-

149 2177 346 2233 graphon
384 2176 488 2218 fecit
529 2175 977 2230 Gundermannus3
1017 2177 1062 2231 2)
1098 2176 1231 2217 codex
1269 2175 1557 2217 Vaticanus
1592 2176 1726 2229 3320,
1772 2189 1901 2215 mem-

149 2249 407 2302 branaceus,
445 2262 552 2289 saec.
588 2247 651 2288 IX
685 2245 755 2303 (cf.
784 2246 833 2288 A.
861 2247 1155 2288 YVilnianns
1188 2246 1298 2288 Mus.
1333 2247 1467 2288 Rhen.
1509 2247 1589 2288 vol.
1625 2247 1681 2287 24
1720 2261 1753 2286 a.
1792 2246 1903 2287 1809

148 2336 187 2374 Ρ.
228 2320 336 2374 381,
380 2318 617 2360 Loewius
661 2318 810 2360 Prodr.
850 2335 888 2374 p.
937 2318 1053 2375 138):
1098 2321 1266 2373 partem
1305 2319 1408 2360 libri
1453 2318 1638 2360 contulit
1679 2316 1906 2359 0111111101·-

148 2406 384 2446 mannus3
423 2390 469 2445 3)
504 2391 636 2432 codex
669 2390 958 2432 Vaticanus
996 2392 1127 2445 1411,
1167 2391 1541 2446 membranaceus,
1575 2405 1681 2432 saec.
1711 2389 1790 2444 IX,
1831 2389 1904 2444 qui

149 2465 322 2518 praeter
348 2462 487 2503 multa
513 2462 599 2503 alia
626 2464 779 2517 quarto
806 2462 902 2503 1000
925 2462 1003 2503 has
1033 2462 1201 2517 glossas
1225 2462 1439 2503 continet:
1468 2461 1654 2504 contulit
1677 2460 1905 2502 Gunder-

151 2548 385 2588 mannus,
417 2532 465 2589 4)
500 2534 632 2575 codex
665 2533 1093 2575 Vindobonensis
1121 2534 1238 2575 2404
1265 2531 1465 2588 (CDXIX
1492 2532 1819 2574 Endlicheri:
1853 2531 1903 2573 cf.

149 2606 237 2647 tab.
270 2605 456 2647 Vindob.
485 2605 526 2645 11
560 2621 598 2660 p.
627 2604 722 2661 68),
760 2606 1135 2660 membranaceus,
1169 2620 1276 2646 saec.
1305 2605 1389 2660 IX,
1427 2605 1480 2646 ad
1514 2605 1684 2646 litteras
1718 2603 1756 2645 A
1791 2607 1833 2645 et
1867 2604 1903 2644 B

151 2679 351 2732 spectans
391 2674 460 2732 (cf.
500 2675 738 2718 Loewius
778 2677 927 2719 Prodr.
965 2692 1004 2731 p.
1042 2675 1158 2733 138).
1230 2676 1426 2718 Priorem
1470 2679 1638 2731 partem
1678 2676 1722 2717 in
1761 2690 1903 2716 meum

148 2763 276 2790 usum
316 2747 592 2802 transcripsit
633 2748 849 2790 Carolus
889 2747 1259 2789 Krumbacher.
1321 2748 1389 2789 Ex
1424 2748 1579 2802 quibus
1614 2747 1737 2788 libris
1771 2746 1904 2788 simil-

148 2819 243 2861 limi
270 2822 371 2861 sunt
404 2822 419 2860 1
452 2822 495 2860 et
522 2820 569 2873 23
598 2819 774 2875 similes,
800 2820 873 2861 sed
899 2822 948 2860 ut
974 2820 1020 2861 in
1046 2819 1198 2860 multis
1226 2819 1460 2874 discedant,
1493 2820 1518 2861 3
1548 2822 1590 2860 et
1616 2820 1655 2859 4.
1704 2817 1905 2873 Vestigia

151 2891 381 2932 earundem
421 2891 666 2946 glossarum
706 2906 814 2945 quae
854 2893 956 2932 sunt
994 2891 1040 2931 in
1079 2890 1340 2932 Vaticano
1380 2892 1492 2932 3321
1542 2891 1681 2931 inesse
1727 2889 1828 2930 huic
1867 2889 1902 2929 Β

149 2963 322 3003 litterae
356 2961 482 3003 seriei
515 2963 660 3004 credes
688 2977 738 3004 ex
766 2962 1068 3004 Cassinensi
1101 2962 1426 3017 libro'petitae:
1458 2961 1724 3003 Babtismum
1751 2961 1902 3010 tinctio,

153 3033 323 3075 Basilia
354 3034 509 3087 reyina,
541 3033 739 3075 Basileus
770 3035 993 3087 imperator
1024 3037 1097 3074 aut
1121 3047 1205 3087 rex,
1238 3033 1402 3075 Bacezts
1427 3033 1573 3074 ninum
1600 3034 1726 3086 uetus,
1760 3031 1901 3072 Bara-

158 3108 268 3146 trmn
309 3119 464 3158 irorayo
505 3104 684 3157 fundum
727 3119 888 3160 carens,
931 3104 1170 3158 Babylonia
1213 3104 1420 3158 confusio,
1464 3103 1727 3145 Baccanalia
1768 3103 1900 3155 furor,

157 3176 345 3218 Baecula
369 3190 494 3218 uacca
523 3177 793 3232 adminntine,
825 3177 1061 3218 Basiliscus
1085 3189 1249 3230 scipens
1274 3177 1345 3229 Qui
1369 3176 1474 3229 flatu
1498 3189 1571 3217 sno
1597 3175 1705 3228 qnod
1729 3175 1905 3228 adtinyit
