2170 3522
255 191 339 232 348

256 300 442 341 Golosus
476 298 790 340 uentricolosus

256 371 519 426 Gurgutium
564 385 662 412 casa
711 368 957 411 breuissimi
1001 384 1102 424 pau-

314 443 426 497 peris
460 442 527 482 uel
561 441 758 483 tauernio

256 513 530 555 Guuernatur
563 513 772 568 magister

255 585 287 626 G
295 585 491 641 ι1110010111
524 584 759 626 textrinum

218 812 234 837 5
254 799 485 841 Kabenum
516 813 652 855 genus
685 799 794 855 ligni
825 798 957 840 indici

253 871 451 913 Habetur
483 871 640 913 dicitur
672 870 809 912 fertur
841 871 987 926 agitur

254 942 398 984 Habet
433 942 582 985 tremit

253 1014 409 1056 Habile
432 1017 582 1070 aptum
603 1014 803 1056 idoneum
829 1015 987 1057 fortem
1008 1028 1104 1057 0011-

311 1100 468 1142 gruum

252 1158 486 1199 Habitatur
518 1157 659 1200 incola

200 1244 232 1266 10
252 1229 440 1271 Habitor
473 1229 638 1271 auritor

252 1301 464 1343 Habitum
497 1304 642 1343 actum
674 1304 847 1357 gestum

252 1372 370 1414 Haec
396 1373 523 1414 edeta
549 1376 592 1414 et
622 1373 728 1415 haec
755 1374 908 1430 egloge
942 1375 1102 1417 cantio-

310 1445 378 1486 nis
411 1444 455 1485 in
488 1444 749 1486 carminibus

256 1516 372 1558 Haec
405 1516 500 1558 inde
532 1516 638 1558 haec
670 1532 772 1559 uero

255 1587 372 1629 Haec
405 1602 566 1630 merces
600 1591 643 1630 et
675 1588 781 1631 haec
813 1605 976 1632 merces

202 1672 234 1697 15
253 1659 371 1701 Haec
404 1675 523 1701 merx
555 1663 599 1701 et
625 1660 729 1703 haec
757 1676 918 1703 merces
946 1661 1102 1716 quibus

311 1731 578 1773 honerantur
618 1746 750 1774 naues
789 1733 1005 1787 praetium
1046 1734 1104 1775 la-

314 1803 432 1844 boris

258 1874 375 1916 Haec
419 1874 612 1931 singrafa
650 1878 693 1917 et
736 1876 842 1919 haec
888 1877 1104 1933 singrafae

314 1946 356 1987 id
389 1950 455 1988 est
487 1948 709 1990 cautiones

256 2017 374 2059 Haec
406 2033 508 2060 uero
542 2019 648 2061 haec
679 2019 777 2061 inde

256 2088 425 2130 Haerus
459 2090 657 2132 dominus
690 2092 759 2133 uel
792 2092 860 2134 uir
893 2107 1075 2149 magnus

257 2160 468 2203 Haerosoi
500 2162 584 2203 uiri
616 2162 753 2204 fortes

205 2246 238 2269 20
259 2232 499 2286 <Haerotes
531 2233 614 2275 uiri
647 2234 811 2290 fortes>

257 2303 468 2346 Halantes
501 2305 763 2360 respirantes
796 2307 1038 2348 redolentes

259 2375 390 2416 Halat
424 2376 503 2417 olit
536 2377 699 2419 oscitur

258 2446 426 2502 Halyps
459 2447 621 2490 ferrum

908 186 1121 222 GLOSSAE
1148 186 1342 221 ABAVVS

1140 296 1316 338 Halitus
1356 311 1460 338 aura
1498 296 1617 338 uenti
1658 296 1728 338 uel
1766 298 1891 352 tepor
1928 311 1993 339 ca-

1199 368 1304 410 loris

1141 439 1379 482 Hamatum
1411 454 1570 482 uncum
1603 439 1915 482 circumdatum
2013 450 2047 476 25

1141 511 1351 553 Harundo
1385 526 1522 554 canna
1553 512 1622 554 uel
1656 512 1822 568 sagitta

1141 582 1282 625 Hasce
1314 583 1393 624 has
1427 585 1573 625 autem

1141 654 1309 697 Hauret
1341 654 1494 710 implet
1526 669 1577 697 ex
1609 655 1748 697 inanit
1778 656 1848 698 uel
1880 656 1994 698 bibit

1141 725 1353 768 Hauritor
1383 725 1560 768 habitor

1141 797 1261 839 Haut
1291 813 1378 840 non

1144 869 1261 912 Haut
1293 869 1527 912 difficulter
1558 885 1646 912 non
1678 871 1799 912 tarde

1141 941 1262 983 Haut
1294 941 1422 998 longe
1454 957 1542 983 non
1573 942 1702 998 longe

1141 1013 1262 1055 Haut
1293 1013 1444 1069 procul
1476 1029 1563 1056 non
1594 1014 1723 1070 longe

1141 1086 1261 1128 Haut
1293 1101 1442 1128 rursus
1475 1101 1564 1128 non
1596 1086 1756 1128 iterum

1140 1157 1370 1199 Heiulatus
1403 1158 1595 1199 ululatus

1139 1229 1300 1272 Helluo
1322 1230 1500 1286 gulosus
1527 1230 1596 1272 uel
1626 1230 1880 1284 adsumptor
1902 1243 1994 1284 per-

1200 1302 1316 1343 ditus

1141 1373 1375 1416 Herbitum
1400 1373 1521 1416 locus
1547 1374 1593 1416 in
1619 1388 1703 1429 quo
1730 1374 1863 1416 herbe
1891 1375 1993 1415 sunt

1140 1446 1297 1488 Hercle
1328 1460 1428 1487 uere

1140 1517 1371 1560 Hereditas
1404 1517 1543 1572 patris
1578 1518 1692 1559 bona
1723 1517 1863 1573 patris

1141 1590 1392 1632 Hereditate
1450 1589 1729 1644 consequitur
1783 1588 1994 1631 heredita-
2013 1599 2048 1623 40

1201 1664 1291 1703 tem
1324 1661 1473 1703 existit

2012 810 2047 835 30

2013 1167 2048 1193 35

1142 1734 1362 1776 Herenum
1393 1732 1612 1774 infernum
1643 1732 1906 1788 profundum

1143 1805 1307 1847 Herma
1339 1805 1548 1847 castratio

1145 1877 1275 1919 Herit
1307 1876 1474 1919 coherit

1144 1948 1446 1991 Hermafrodit
1473 1950 1690 1990 castratus
1716 1948 1799 1991 hoc
1824 1962 1903 1990 nec
1929 1948 1997 1990 uir

1203 2035 1281 2062 nec
1314 2019 1470 2062 mulier

1143 2092 1386 2134 Hermones
1420 2105 1555 2147 genus
1589 2091 1855 2147 serpentium

1145 2163 1378 2218 Hesperias
1413 2163 1613 2205 occiduae
1645 2165 1794 2218 partes

1145 2235 1242 2277 Heu
1273 2249 1359 2276 uox
1390 2234 1577 2276 dolentis

1145 2306 1374 2348 Heuetudo
1402 2305 1584 2347 fatuitas

1146 2377 1265 2420 Heus
1297 2376 1469 2419 uocatio

1145 2449 1330 2491 Hiantes
1364 2449 1622 2504 ampliantes
2017 2460 2051 2485 50

2015 2101 2050 2126 45

356 2580 384 2611 1.
413 2576 572 2611 Gulosus
599 2579 731 2613 (thecle
765 2581 769 2620 1
811 2578 1082 2613 uentriculosus
1108 2580 1241 2614 abcde
1271 2580 1283 2624 ΙΙ
1319 2583 1351 2614 2.
1378 2577 1503 2612 breuis
1530 2579 1616 2614 abc.
1667 2576 1889 2612 breuissima
1915 2579 1964 2613 de
1992 2578 1996 2624 Ι

259 2636 427 2670 1111101010
453 2638 586 2672 (cbede
617 2640 628 2682 ΙΙ
660 2643 690 2672 3.
719 2638 953 2672 Gubernator
979 2640 1115 2674 ‹abach›
1147 2641 1158 2684 Η
1190 2642 1221 2673 4.
1250 2636 1447 2682 Gynetium
1475 2649 1523 2672 ac
1541 2639 1552 2681 ΙΙ
1578 2641 1610 2672 5.
1636 2637 1834 2672 Habenum
1859 2638 1963 2672 aede
1990 2638 1999 2682 11

260 2701 290 2730 S.
306 2695 477 2730 flabilem
499 2698 550 2731 ‹Ic
572 2699 577 2741 1
601 2698 695 2731 forte
715 2709 763 2732 (ce
781 2699 793 2742 ΙΙ
814 2703 844 2732 5³.
861 2698 1062 2732 Habitat-or
1081 2699 1215 2734 abedo
1234 2700 1244 2743 ΙΙ
1268 2702 1319 2733 10.
1338 2697 1508 2732 hauritor
1528 2699 1578 2732 ab
1591 2698 1664 2732 cde
1683 2698 1694 2741 ΙΙ
1716 2701 1769 2732 11.
1784 2696 1906 2731 acium
1920 2708 1969 2732 ac
1987 2696 1999 2744 ΙΙ

264 2760 315 2789 12,
331 2755 431 2789 Hae<⁴
453 2756 574 2790 eclota
589 2758 674 2791 bcle.
702 2756 891 2803 1101011010
911 2769 959 2792 ae
978 2758 981 2802 1
999 2760 1036 2792 ct
1055 2769 1138 2792 ecee
1160 2758 1264 2803 eloge
1279 2770 1306 2794 c.
1334 2759 1372 2792 et
1386 2758 1479 2791 haec
1493 2757 1645 2802 eclogae
1660 2757 1767 2793 abde
1785 2756 1787 2802 1
1806 2755 1998 2791 cantiones

260 2817 391 2850 «thecle
422 2817 433 2859 ΙΙ
467 2821 519 2850 13.
546 2815 711 2850 Haecine
736 2828 753 2850 e
783 2817 795 2860 11
834 2820 888 2849 14.
916 2818 953 2850 et
978 2816 1070 2851 haec
1097 2817 1190 2860 (hea
1216 2830 1249 2852 α.
1289 2828 1333 2851 ea
1359 2819 1392 2861 c)
1420 2817 1607 2851 mercedes
1635 2805 1809 2860 abedo!
1843 2817 1890 2859 cf.
1916 2819 1963 2851 15
1986 2815 2000 2863 11

263 2879 315 2909 15.
337 2875 406 2909 hae
433 2876 536 2910 ccede
559 2876 563 2919 Ι
587 2876 786 2908 onerantur
811 2876 889 2920 (1011
913 2880 962 2923 lss.
986 2876 1056 2910 hae
1083 2879 1187 2912 aede
1206 2879 1217 2921 11
1239 2880 1293 2912 18.
1319 2876 1438 2911 Herus
1465 2877 1598 2912 abedo
1617 2877 1629 2920 ΙΙ
1651 2879 1704 2911 19.
1730 2874 1913 2910 Haerosui
1939 2887 1997 2911 ac.

261 2935 376 2968 lleros
404 2934 441 2968 ui
468 2936 519 2970 bd
555 2937 566 2980 ΙΙ
604 2939 658 2969 22.
687 2934 762 2968 olet
787 2936 919 2969 abedo
941 2937 946 2979 Ι
969 2935 1131 2970 hostitur
1158 2937 1187 2971 b.
1239 2935 1420 2970 oscitatur
1446 2936 1495 2971 de
1532 2937 1544 2980 ΙΙ
1581 2940 1636 2970 26.
1663 2934 1830 2969 Hirundo
1857 2933 1999 2978 sagitta

261 3006 352 3029 nova
379 2995 425 3039 91.
452 2999 501 3029 est
526 2996 567 3029 in
593 3006 640 3029 ac
681 2997 685 3038 1
723 2996 887 3040 sequitur
918 2995 958 3029 in
984 3006 1051 3029 ac:
1083 2994 1257 3029 Hei-undo
1285 2994 1433 3029 anicula
1458 3006 1577 3039 parua
1619 2995 1630 3039 ΙΙ
1674 2997 1728 3029 28.
1755 2992 1892 3027 Haurit
1916 2994 1964 3029 de
1989 2993 2001 3040 ΙΙ

262 3058 317 3087 29.
345 3053 485 3088 bibitor
510 3056 558 3089 <Ze
589 3056 601 3099 ΙΙ
632 3059 687 3089 34.
716 3056 838 3088 tursus
866 3066 914 3089 ac
943 3056 955 3099 ΙΙ
987 3059 1041 3088 36.
1069 3054 1218 3098 gelosus
1244 3056 1423 3099 ace1140.
1450 3053 1708 3089 Hereditatem
1733 3053 1865 3088 abcde
1887 3054 1890 3095 Ι
1914 3064 1998 3087 0011-

265 3111 364 3146 sistit
389 3114 436 3147 (le
456 3114 466 3157 11
487 3117 541 3148 41.
563 3113 748 3148 Hei-eumn
769 3114 902 3148 abcde
921 3115 932 3159 Η
952 3116 1006 3148 43.
1028 3113 1166 3148 Haeret
1191 3115 1224 3150 cl.
1264 3114 1379 3149 Heret
1398 3126 1415 3149 e
1434 3115 1445 3159 ΙΙ
1464 3117 1520 3149 44.
1539 3110 1838 3148 Hermafroditus
1858 3112 1963 3147 aede
1992 3111 1995 3157 1

264 3171 331 3205 hoc
359 3173 412 3205 est
439 3185 459 3206 a
472 3174 571 3208 bede
596 3174 681 3218 1148.
708 3172 905 3208 Hebetudo
931 3184 948 3208 e
973 3184 1063 3208 corr.
1093 3174 1112 3207 b
1132 3174 1142 3218 ΙΙ
