2170 3522
609 160 820 197 GLossAE
848 159 1032 196 comcis
1060 160 1418 197 SANGALLENsis
1445 166 1511 197 912
1842 163 1928 203 269

186 271 432 326 Precelerat
464 271 689 313 antecedet
1075 270 1209 325 Preus
1244 272 1499 314 antecedens
1948 285 1982 309 30

186 343 441 399 Presagium
474 342 684 384 diuinatio
701 340 733 398 ¹)
766 341 1013 384 futurorum
1075 342 1320 399 Prerogans
1354 346 1453 385 ante
1480 343 1715 399 inpendens

186 415 267 469 Pre
288 430 332 456 se
352 415 456 456 tulit
475 414 573 468 plus
596 428 726 468 quam
747 414 912 468 oportit
935 413 1038 455 tulit
1075 411 1180 467 Pres
1213 413 1454 456 fedeiussor

185 485 388 540 Prepedit
419 484 601 540 impedit
1075 482 1371 539 Prepoperum
1423 489 1550 528 antea
1600 486 1764 528 factum
1816 487 1929 541 quod

149 567 165 593 5
185 556 393 613 Prepeter
420 571 521 598 aues
550 570 657 611 quae
678 556 876 598 uolantes
899 555 1037 611 auspi·
1137 558 1229 597 erat
1260 559 1413 611 postea
1444 558 1640 600 faciendo

243 629 309 671 cia
340 628 506 671 faciunt
1074 627 1204 682 Prelo
1238 629 1430 670 torcular

183 700 426 756 Prepopere
453 699 699 742 inordinate
721 701 764 741 et
790 699 1037 741 fistinanter
1074 698 1314 754 Precipitat
1347 702 1400 742 ab
1434 701 1523 743 alto
1557 701 1694 743 deicet
1706 701 1739 757 ²)

182 771 480 827 Prescriptum
511 770 765 827 paestitumi
1073 770 1239 825 Precox
1269 775 1543 827 prematurus

181 841 346 898 Prepos
379 858 608 899 percussor
640 843 768 884 uelox
1073 842 1233 898 Predes
1265 843 1532 886 fidiiussores

181 913 264 969 Pre
295 914 463 957 foribus
497 917 595 957 ante
630 914 792 957 ostium
1074 914 1224 969 Prelus
1257 915 1451 958 modicus

130 998 162 1023 10
182 985 560 1043 Prestigiauerunt
592 986 925 1028 ludificauerunt
1072 985 1272 1041 Prerepit
1305 990 1404 1029 ante
1437 988 1552 1043 rapit
1947 1001 1980 1025 30

67 1065 155 1097 103u
182 1057 425 1112 Presidium
458 1058 667 1101 auxilium
1074 1057 1334 1114 Prepostera
1370 1074 1576 1114 peruersa
1614 1060 1659 1101 in
1702 1063 1927 1114 posterum
1957 1069 2044 1099 104ll

181 1129 325 1184 Presis
358 1130 486 1173 iudex
518 1146 543 1172 a
574 1130 830 1186 presidendo
1134 1130 1247 1184 quod
1280 1133 1379 1172 ante
1413 1131 1561 1172 debuit

180 1201 387 1256 Pretenta
419 1202 667 1257 anteposita
1072 1200 1346 1244 Praestruxit
1377 1203 1703 1257 praeordinauit

180 1273 382 1328 Precauit
414 1277 513 1317 ante
547 1274 664 1317 cauit
1072 1272 1326 1329 Precpimus
1358 1274 1612 1330 perpinguis

129 1356 162 1382 15
181 1344 443 1400 Prelibundo
475 1346 772 1402 pregustando
1073 1345 1387 1401 praerogatiua
1402 1346 1657 1388 excellentia
1671 1347 1927 1389 meritorum

178 1416 470 1471 Preteruehor
501 1417 811 1473 transnauigor
1072 1416 1287 1472 Prepollit
1319 1417 1480 1459 eminet
1512 1419 1833 1474 supersplendit

177 1487 385 1543 Pressant
417 1505 517 1545 sepe
549 1489 812 1545 praecedunt
1072 1488 1333 1544 Prequoqua
1366 1490 1503 1532 celere
1537 1493 1761 1533 maturans
1947 1503 1981 1528 45

177 1559 333 1615 Predia
364 1561 486 1603 fundi
518 1562 648 1603 uillae
1072 1559 1308 1616 Praecipue
1342 1562 1528 1604 maxime
1562 1566 1660 1604 ante
1695 1564 1840 1606 omnia

177 1631 452 1687 Preuertitur
484 1633 701 1675 antecedit
1072 1632 1388 1675 Praesidiarius
1423 1633 1631 1676 auxilium
1664 1636 1876 1690 praebens

127 1716 160 1741 20
179 1703 375 1759 Pretexit
408 1705 520 1747 celat
553 1705 719 1761 coperit
1071 1703 1287 1760 Prerupto
1322 1705 1492 1747 eleuato
1526 1706 1615 1748 alto

178 1776 423 1833 Preuignus
455 1777 639 1819 filiaster
1072 1775 1259 1831 Preceps
1293 1776 1479 1819 festinus
1512 1779 1768 1821 temerarius

177 1848 398 1892 Praefatio
430 1849 732 1905 praealogutio
1069 1847 1369 1891 Praetestatus
1411 1849 1553 1891 infans
1600 1851 1673 1905 qui
1719 1852 1769 1893 de
1808 1867 1926 1907 prae-
1946 1862 1980 1887 50

177 1921 450 1976 Prestantior
481 1921 636 1963 melior
1130 1923 1293 1963 testato
1326 1924 1450 1976 patre
1483 1922 1681 1964 nascitur

178 1991 410 2035 Praeterea
442 1996 564 2036 extra
595 1994 675 2048 hec
1070 1992 1230 2048 Prepes
1263 1993 1519 2048 praeuolans

124 2077 157 2103 25
177 2064 329 2120 Presul
361 2067 562 2122 princeps
596 2065 737 2108 cuntis
770 2065 1031 2120 praepositis
1071 2064 1236 2119 Prelati
1268 2065 1504 2120 antepositi

63 2145 142 2176 104¹
177 2135 342 2192 Prediti
355 2137 559 2180 instructi
574 2136 811 2193 antepositi
831 2139 1031 2192 potentes
1070 2136 1328 2192 Prepetibus
1363 2139 1462 2178 ante
1495 2138 1746 2192 petentibus

178 2209 338 2266 Prepes
374 2211 520 2265 aquila
1070 2208 1222 2251 Pectet
1253 2209 1448 2265 pectinat
1951 2217 2035 2249 105r

178 2281 382 2336 Pretores
417 2282 591 2325 secundi
624 2284 726 2324 sunt
759 2282 1007 2324 consolibus
1071 2281 1212 2324 Pecua
1244 2284 1440 2324 armenta
1473 2285 1516 2324 et
1547 2298 1705 2338 pecora
1945 2293 1978 2319 55

179 2353 417 2408 Presertim
450 2369 580 2410 quam
613 2354 798 2396 maxime
1070 2353 1303 2396 Peculatus
1326 2354 1596 2410 quipecunia
1610 2355 1786 2410 puplica
1808 2354 1925 2396 furat

274 2498 309 2542 1)
334 2497 529 2533 secundam
555 2495 568 2530 i
592 2508 637 2532 m.
664 2500 688 2533 2
716 2507 742 2533 S.
769 2508 801 2533 v.
829 2496 912 2532 add.
934 2498 945 2542 ll
966 2498 1000 2541 2)
1028 2499 1111 2532 ante
1138 2506 1156 2530 c
1181 2507 1260 2531 mm
1286 2495 1353 2531 litt.
1378 2495 1454 2541 (i?)
1483 2508 1587 2533 erasa
1606 2497 1617 2542 Η

273 2620 303 2653 1.
332 2615 523 2651 antecedit
548 2617 625 2652 ahc
656 2618 666 2663 ΙΙ
698 2621 728 2651 3,
758 2617 906 2660 oportet
931 2617 981 2651 ab
1002 2618 1013 2661 Η
1039 2619 1070 2651 5.
1097 2616 1298 2661 Praepetes
1325 2617 1379 2651 vel
1404 2616 1581 2661 Prepetes
1608 2617 1688 2651 abc
1714 2617 1724 2659 ΙΙ
1758 2620 1788 2652 6.
1815 2614 1941 2651 Prae--

176 2686 333 2721 propere
359 2677 470 2711 abed
506 2677 510 2721 1
545 2675 769 2711 festinanter
793 2676 902 2711 abed
938 2678 950 2720 Η
989 2678 1018 2710 7.
1046 2675 1285 2720 praefinitum
1311 2675 1534 2721 praestitum
1561 2677 1611 2711 ab
1643 2678 1653 2722 ΙΙ
1687 2680 1739 2710 1-2.
1769 2675 1923 2710 Praeses

177 2736 265 2771 abd
307 2738 318 2780 ΙΙ
363 2739 418 2772 14.
445 2736 652 2770 Praecauet
678 2737 728 2771 ab
770 2740 773 2779 Ι
817 2736 927 2770 cauet
952 2736 1003 2770 ab
1048 2737 1059 2780 Η
1105 2738 1158 2770 15.
1186 2735 1411 2770 Prelibando
1444 2737 1468 2770 d
1509 2738 1512 2778 Ι
1560 2735 1839 2780 praegustando
1866 2736 1889 2770 d
1914 2736 1925 2781 ll

179 2799 234 2832 16.
260 2795 506 2840 transnauigo
533 2797 584 2831 ab
604 2797 615 2841 ΙΙ
638 2801 690 2832 17.
718 2796 877 2830 Presunt
903 2806 1015 2840 saepe
1041 2794 1259 2839 praesident
1285 2796 1309 2830 d
1327 2797 1338 2841 ΙΙ
1358 2799 1413 2830 20.
1442 2795 1609 2840 cooperit
1635 2796 1718 2830 abd
1737 2796 1747 2839 ΙΙ
1773 2799 1828 2831 21.
1857 2806 1923 2831 om.

176 2857 287 2891 abed
317 2857 328 2900 ΙΙ
360 2860 416 2892 22.
443 2855 674 2900 praelocutio
702 2857 753 2891 ab
787 2858 798 2902 Η
836 2859 890 2890 25.
919 2854 1061 2890 cunctis
1087 2854 1324 2900 praepositus
1351 2856 1402 2891 ab
1434 2855 1445 2899 Η
1477 2859 1532 2890 28.
1560 2853 1773 2889 consulibus
1800 2855 1877 2889 abc
1913 2855 1924 2901 Η

177 2921 232 2951 30.
258 2915 439 2951 Praeuius
466 2917 543 2951 abe
573 2917 585 2960 ΙΙ
617 2919 673 2952 32.
699 2916 895 2951 fideiussor
920 2927 938 2950 c
966 2917 977 2960 ΙΙ
1007 2919 1062 2950 33.
1090 2915 1385 2959 Praeproperum
1412 2916 1492 2950 aed
1515 2917 1518 2957 Ι
1540 2913 1753 2948 faciendum
1779 2915 1888 2949 abed
1913 2916 1924 2959 ᾖ

177 2979 232 3012 34.
259 2975 408 3010 Prelum
434 2976 517 3010 abd
540 2977 544 3018 1
567 2974 634 3009 ubi
659 2975 783 3010 oleum
810 2976 855 3010 de
882 2974 992 3009 oliuis
1019 2974 1240 3019 exprimitur
1265 2976 1417 3020 interpr.
1446 2975 1498 3009 ab
1519 2977 1530 3019 Η
1556 2978 1612 3008 35.
1640 2973 1755 3008 deicit
1780 2975 1888 3009 abed
1913 2993 1924 3020 ll

177 3040 233 3072 37.
260 3035 497 3070 fideiussores
523 3036 574 3070 ab
593 3036 605 3080 ΙΙ
625 3039 680 3071 38.
701 3036 857 3084 Prealus
878 3048 911 3071 (ι.
951 3034 1105 3069 Prealus
1132 3036 1151 3070 b
1171 3036 1182 3079 ΙΙ
1202 3039 1258 3069 39.
1283 3033 1471 3078 Praeripit
1496 3035 1546 3068 ab
1567 3035 1578 3078 ΙΙ
1598 3037 1653 3068 42.
1680 3033 1922 3078 Praeopimus

146 3127 149 3130 ,
177 3096 228 3130 ab
257 3096 268 3140 Η
300 3099 355 3130 44.
384 3094 597 3140 Praepollet
622 3096 699 3131 abe
722 3099 725 3141 Ι
750 3095 1036 3140 supersplendet
1061 3095 1139 3130 abc
1164 3096 1174 3140 ΙΙ
1200 3098 1255 3130 56.
1282 3093 1479 3139 pecuniam
1507 3094 1615 3128 abed
1638 3096 1642 3137 Ι
1670 3092 1861 3138 puplicam
1888 3106 1921 3129 α.

177 3154 366 3199 publicam
393 3156 439 3191 bc
461 3156 466 3200 Ι
488 3154 635 3190 furatur
659 3156 710 3191 ab
730 3157 743 3201 ΙΙ
