2170 3522
262 170 349 212 5282
676 167 886 204 GLOSSAE
914 166 1097 203 conicis
1125 165 1486 201 sANGALLENsis
1513 169 1581 201 912

264 281 463 323 Sarctuin
497 279 752 321 coniuntum
1153 275 1358 330 Scatebre
1381 278 1575 330 cesterne
1591 276 1769 331 paludes
1783 276 1855 319 uel
1876 291 2004 332 aqua·
2023 287 2058 314 30

263 352 340 394 Sat
373 351 534 394 sufficit
1210 363 1306 390 rum
1337 348 1591 390 bullitiones

264 423 340 466 Sat
374 423 465 478 agit
496 421 676 463 festinat
1153 419 1403 462 Scariothes
1430 419 1641 462 memoria
1667 419 1831 461 domini
1851 421 1896 461 et
1921 435 2006 462 me-

266 495 369 537 Sata
402 493 613 535 seminata
1210 491 1349 534 moria
1371 491 1525 534 mortis
1551 492 1634 534 hoc
1659 491 1835 534 numine
1862 492 2006 547 appel-

227 580 242 603 5
265 566 409 607 Satius
442 565 595 606 melius
1211 565 1349 606 latum
1393 567 1459 606 est
1503 564 1604 605 iuda
1646 563 1744 606 uico
1785 561 1873 620 inl)
1919 577 2004 618 quo

146 647 228 678 128r
264 637 396 679 Satan
430 637 701 678 aduersarius
735 639 1033 692 transgressor
1210 638 1339 678 natus
1372 639 1438 678 est
1918 660 1923 678 ι

263 709 469 764 Satrapae
501 708 682 763 perfecti
716 724 940 764 persarum
1153 707 1340 750 Scaurus
1395 708 1516 750 cuius
1567 708 1686 749 calex
1737 707 2004 750 extrensicus
2033 714 2116 746 129r

262 781 418 823 Saures
452 780 614 822 surices
1212 779 1374 821 eminet
1407 779 1515 834 pede
1548 779 1738 820 intortos

262 853 526 895 Satellitiuln
560 852 752 894 satellita
784 855 929 894 turma
1153 851 1338 906 Squalor
1369 850 1613 906 inquinatio

207 938 240 962 10
262 924 465 966 Saturnia
486 924 609 966 italia
632 939 656 966 a
676 939 776 981 rege
798 927 976 967 saturno
997 925 1113 968 dicta
1153 922 1397 966 Sicominus
1431 923 1498 964 sin
1531 925 1675 965 autem
1709 938 1793 978 quo
1826 924 1863 966 si
1894 939 1983 967 non

261 996 408 1039 Satest
441 997 597 1039 satises
1152 994 1378 1051 Spatiatur
1411 995 1660 1037 deambulat
2023 1007 2058 1033 35

261 1068 390 1110 Sator
422 1069 662 1110 seminatur
1152 1066 1280 1110 Scafa
1310 1067 1511 1109 nauicula
1543 1067 1714 1109 modica

260 1140 412 1182 Satum
444 1140 637 1182 modium
669 1141 800 1182 semis
1152 1138 1298 1181 Stater
1323 1154 1526 1181 nummus
1561 1142 1627 1181 est
1651 1154 1785 1195 pensa
1811 1140 1935 1182 untia
1959 1139 2004 1184 .Ι.

259 1213 481 1255 Satellites
521 1212 623 1254 sotii
662 1213 881 1255 latronum
913 1216 957 1255 et
989 1215 1113 1270 regni
1153 1209 1333 1267 Strages
1361 1210 1641 1268 multitud02)
1668 1212 1936 1254 kadauerum
1961 1212 2006 1254 in

320 1285 500 1326 comites
1212 1283 1328 1325 bello
1360 1283 1430 1324 uel
1463 1284 1618 1326 molesi
1651 1283 1874 1340 congeries

208 1370 240 1393 15
262 1356 436 1398 Sautius
470 1357 721 1398 uulneratus
1154 1354 1315 1398 Statim
1347 1371 1448 1397 mox
1481 1355 1713 1398 confestim

262 1428 429 1470 Satillis
463 1428 670 1470 minester
702 1429 913 1471 scelerum
1154 1427 1411 1484 strangulat
1443 1428 1644 1484 susfugat
2024 1439 2061 1465 40

262 1499 383 1541 Satio
417 1501 570 1542 messis
1154 1498 1353 1541 Stadium
1385 1515 1540 1555 passus
1574 1511 1696 1542 CXXV

263 1571 444 1614 Saducei
476 1572 713 1615 iusteficati
1157 1570 1365 1628 Stragula
1397 1572 1520 1613 uaria

263 1643 457 1686 Sabaoth
484 1646 750 1687 exercituum
779 1645 869 1687 siue
890 1648 1114 1688 uertutum
1155 1643 1485 1686 Stadiodromus
1520 1643 1761 1685 stadiorum
1794 1659 1945 1687 cursus

146 1725 235 1756 1⁶28u
263 1715 419 1758 Saulus
453 1718 684 1772 temptatio
718 1718 786 1760 uel
821 1718 1006 1760 scuritas
1154 1716 1304 1758 Status
1338 1719 1508 1758 statura
1588 1749 1593 1755 .
2035 1723 2124 1754 12911

208 1802 239 1825 21
263 1787 475 1830 Samarite
509 1790 709 1831 custodes
1154 1787 1330 1830 Statuet
1362 1788 1500 1831 censit
2023 1798 2059 1824 45

263 1859 442 1902 Scandit
475 1861 615 1915 aperit
648 1862 840 1903 ascendit
1154 1860 1368 1917 Stagnum
1400 1861 1542 1903 lacum

263 1931 411 1974 Scadit
442 1933 573 1974 bullit
1153 1932 1282 1976 Secta
1313 1933 1534 1975 institutio

263 2003 441 2046 Scatens
474 2005 660 2046 bulliens
1153 2004 1357 2047 Secernet
1390 2007 1565 2060 separat

207 2089 241 2114 25
263 2075 478 2119 Scaturrit
509 2077 665 2118 ebullit
1153 2076 1350 2119 Secunda
1379 2091 1589 2133 prospera
1618 2077 1810 2133 propitia

261 2147 470 2191 Scabrum
503 2164 702 2204 asperum
1153 2148 1375 2191 Seclusam
1408 2152 1607 2204 separata
2024 2158 2059 2184 50

263 2219 450 2262 Scabum
483 2221 713 2263 summitas
747 2237 952 2264 cacumen
1155 2221 1355 2264 Secordis
1389 2221 1552 2263 stultus
1584 2221 1731 2263 fatuus

263 2291 412 2346 Sqalet
444 2293 590 2334 sordet
1153 2293 1321 2335 Secubo
1355 2293 1505 2335 secedo

263 2361 502 2406 Scabrosus
535 2379 661 2419 asper
1153 2365 1355 2408 Secretus
1388 2367 1614 2420 separatus
1648 2366 1843 2408 occultus

358 2495 392 2537 1)
417 2505 441 2527 n
465 2505 492 2529 s.
519 2506 550 2529 v.
578 2495 661 2530 add.
688 2506 733 2531 m.
760 2497 867 2540 1112)
892 2495 906 2529 1
930 2506 957 2531 s.
983 2508 1015 2532 v.
1042 2497 1126 2532 add.
1152 2508 1197 2531 m.
1223 2496 1277 2539 211

358 2629 388 2660 1.
416 2625 655 2660 coniunctum
680 2627 732 2661 ab
763 2627 774 2670 u
806 2630 837 2661 2.
867 2626 933 2660 Sat
959 2626 1030 2662 erit
1056 2626 1218 2662 sufficiet
1243 2627 1294 2662 ab
1326 2628 1337 2671 ΙΙ
1370 2630 1400 2661 7.
1428 2626 1610 2671 praefecti
1635 2628 1655 2662 b
1686 2627 1697 2671 ΙΙ
1728 2632 1760 2663 8.
1788 2626 1924 2663 sorices
1950 2639 1970 2663 c
1993 2627 2006 2674 Η

265 2690 295 2719 9.
323 2684 528 2719 satellitum
555 2687 579 2721 d
599 2687 610 2730 ΙΙ
632 2690 686 2721 11.
714 2685 805 2720 satis
833 2688 891 2720 est
915 2688 966 2721 ab
986 2689 997 2731 ΙΙ
1019 2691 1072 2723 12.
1095 2687 1298 2722 seminator
1323 2687 1407 2722 abd
1426 2688 1437 2732 ΙΙ
1459 2691 1513 2721 13.
1533 2686 1679 2721 modius
1706 2687 1726 2722 b
1751 2691 1785 2722 et
1802 2698 1820 2722 e
1839 2698 1930 2722 corr.
1951 2699 1975 2722 α
1993 2687 2006 2734 Η

267 2748 317 2778 14.
347 2744 438 2779 socii
464 2746 572 2781 abed
590 2748 602 2790 ΙΙ
625 2749 677 2780 15.
705 2745 859 2780 Saucius
887 2748 963 2782 abc
982 2749 993 2792 ΙΙ
1015 2751 1069 2783 16.
1097 2746 1247 2782 Satellis
1274 2758 1292 2782 c
1314 2749 1318 2790 Ι
1341 2744 1512 2780 minister
1537 2757 1555 2781 c
1573 2747 1585 2791 ΙΙ
1605 2749 1660 2781 18.
1688 2744 1874 2780 Sadducei
1897 2744 2004 2781 iusti-

264 2804 364 2838 ficati
390 2806 440 2839 ab
477 2806 489 2850 ΙΙ
528 2810 581 2840 19.
610 2804 840 2840 exercituum
867 2805 945 2840 siue
971 2806 1154 2841 uirtutum
1180 2818 1198 2842 c
1235 2808 1246 2852 ΙΙ
1283 2809 1339 2840 20.
1367 2805 1548 2840 securitas
1573 2806 1650 2841 abc
1691 2806 1703 2850 ΙΙ
1747 2808 1803 2840 23.
1829 2803 1951 2840 Scatit
1975 2817 2004 2841 c.

265 2864 390 2898 Scatet
417 2866 501 2899 abd
526 2866 537 2909 ΙΙ
564 2868 619 2900 27.
649 2865 808 2909 Scapum
834 2866 884 2901 ab
905 2868 915 2910 ΙΙ
936 2870 991 2901 28.
1019 2866 1174 2910 Squalet
1199 2867 1248 2902 cd
1267 2866 1278 2910 ΙΙ
1298 2870 1354 2900 30.
1382 2864 1542 2913 cisterne
1569 2866 1640 2910 (vel
1664 2867 1716 2910 -e)
1743 2865 1852 2900 abed
1874 2867 1878 2909 Ι
1901 2864 2005 2899 ebul-

263 2923 413 2959 litiones
441 2926 488 2960 bc
518 2927 529 2969 ΙΙ
562 2930 616 2960 31.
644 2924 793 2960 nomine
820 2937 838 2960 c
865 2927 869 2970 Ι
899 2926 1111 2971 appellatus
1137 2938 1155 2962 c
1183 2928 1187 2971 1
1217 2924 1324 2960 auico
1350 2936 1368 2960 c
1396 2925 1407 2970 ΙΙ
1439 2929 1495 2960 32.
1522 2924 1605 2959 calx
1631 2925 1714 2960 abd
1741 2927 1746 2969 Ι
1774 2922 2004 2959 extrinsecus

265 2985 347 3018 abd
376 2987 380 3026 Ι
410 2984 568 3019 intortus
596 2986 620 3020 d
641 2987 646 3029 1
669 2987 707 3019 et
732 2985 845 3030 pedes
872 2985 1053 3033 introrsus
1079 2985 1225 3021 incurui
1246 2987 1333 3020 sunt
1351 2985 1402 3020 ab
1422 2987 1433 3029 11
1453 2989 1508 3020 34.
1531 2996 1597 3021 om.
1617 2985 1726 3022 abed
1745 2985 1757 3030 ss
1776 2987 1832 3018 36.
1855 2983 2004 3028 Scapha

265 3044 315 3077 ab
335 3045 345 3087 ΙΙ
366 3049 420 3079 37.
436 3046 570 3088 pensat
590 3044 738 3078 unciam
758 3055 870 3078 unam
891 3046 941 3079 ab
962 3046 972 3090 ΙΙ
993 3049 1048 3080 38.
1064 3046 1288 3080 cadauerum
1310 3045 1361 3080 ab
1384 3045 1388 3090 Ι
1411 3044 1528 3079 moles
1548 3056 1597 3080 ac
1615 3046 1627 3089 ΙΙ
1646 3048 1702 3079 40.
1719 3042 1877 3078 suffocat
1891 3044 1974 3079 abd
1993 3043 2003 3088 Η

265 3105 319 3134 42.
349 3102 541 3146 Stragulat
566 3103 690 3138 uariat
715 3104 798 3139 abd
817 3104 828 3147 ΙΙ
848 3107 903 3139 45.
934 3103 1075 3139 Statuit
1100 3106 1150 3140 ab
1174 3106 1179 3149 Ι
1202 3106 1329 3140 censet
1354 3106 1405 3140 ab
1425 3105 1436 3149 ΙΙ
1461 3107 1518 3140 46.
1544 3104 1648 3138 lacus
1674 3102 1739 3148 qui
1765 3104 1842 3137 stat
1868 3104 1907 3137 et
1929 3112 2004 3137 non

267 3160 385 3195 effluit
410 3162 469 3196 uel
495 3174 610 3207 genus
637 3162 782 3198 metalli
807 3165 964 3209 ab1150.
991 3166 1203 3209 separatam
1229 3165 1280 3199 ab
1305 3166 1318 3210 Ι]
