2170 3522
258 187 344 228 336
916 181 1130 216 GLOSSAE
1157 180 1351 215 ABAVVS

256 296 481 338 Emuniles
515 294 679 336 modice
713 293 950 334 eminentes

255 369 443 410 Enarrat
476 366 660 408 edeserit
692 365 896 420 explanat

256 440 323 481 En
356 454 451 481 ecee
486 441 552 480 est
584 438 722 479 instat

255 512 447 554 Encenia
478 510 605 552 initia
636 510 705 551 uel
739 508 1032 551 dedicationes

221 596 236 620 ⁵
256 583 498 625 Enerbauit
530 581 724 638 elanguit

202 1028 234 1052 10

256 655 438 696 Enerbis
472 654 563 696 sine
596 654 760 695 uirtute

254 727 421 769 Ennica
453 727 650 768 adultera

254 799 459 841 Eninima
509 798 749 840 similitudo
807 796 876 838 uel
934 795 1108 837 obscuri

312 871 509 926 loquium

253 943 470 985 Enitercit
503 942 757 998 splendiscit

254 1016 412 1057 Enitor
466 1030 598 1057 eonor
648 1013 834 1056 aenituit
888 1013 1109 1068 splenduit

312 1088 485 1130 refulsit

252 1160 394 1202 Enixa
425 1162 554 1215 partu
585 1159 730 1200 lebata

252 1232 394 1274 Enixa
427 1232 573 1274 sedule
606 1231 783 1286 inpense

252 1304 419 1346 Enixus
453 1306 684 1360 generatus
719 1305 890 1344 creatus

253 1376 493 1418 Enodabile
528 1376 641 1430 quod
675 1375 787 1417 solui
819 1388 905 1416 non
935 1376 1083 1428 potest

218 1461 234 1485 5
253 1448 457 1490 Enormis
490 1448 643 1504 ingens
670 1447 739 1489 uel
774 1461 904 1502 supra
930 1446 1107 1487 modum

311 1521 381 1562 uel
415 1521 505 1562 sine
539 1535 740 1562 mensura

254 1592 384 1634 Ensis
417 1592 588 1648 gladius

254 1664 505 1707 Enucliauit
538 1664 739 1719 exposuit

253 1736 467 1778 Enuntiat
500 1737 728 1778 denuntiat

252 1807 484 1850 Enutritor
517 1809 648 1851 alitor

199 1895 213 1918 2
252 1879 366 1921 Eoes
399 1880 684 1922 orientalibus

252 1951 317 1993 Eo
351 1952 491 2008 magis
524 1953 620 1994 ideo
653 1952 794 2008 magis

252 2023 316 2064 Eo
350 2024 493 2066 minus
526 2025 652 2066 ualde
688 2025 829 2066 minus

252 2095 509 2150 Ephemeris
544 2112 674 2152 quam
706 2098 869 2139 habent
902 2099 1106 2138 matema-

311 2168 389 2209 tici
421 2169 532 2211 unde
563 2169 741 2211 nomina
775 2169 996 2225 eollegunt

251 2239 536 2296 Epigramma
569 2242 823 2283 adbrebiata
856 2241 1072 2296 scriptura

201 2327 233 2351 25
254 2311 506 2368 Epilogium
539 2313 778 2355 nouissima
804 2328 904 2368 pars
939 2316 1107 2355 contro-

313 2384 479 2426 uersiae
501 2385 575 2440 qui
588 2400 764 2440 praeces
779 2387 953 2426 tantum
973 2385 1106 2427 habet

1148 291 1378 346 Epimenia
1410 290 1535 332 xenia
1576 305 1707 346 quam
1739 290 1899 332 dantur
1929 305 2006 346 per

1209 363 1406 419 singulos
1439 378 1610 405 menses

1148 436 1550 491 Ephythalameum
1581 435 1792 491 nuptialis
1824 435 1920 477 laus

1148 508 1345 563 Eporata
1377 510 1503 550 austa

1146 580 1373 635 Epotebus
1405 595 1512 635 puer
1543 579 1740 621 inbarbis

1146 652 1364 708 Epulatur
1396 652 1590 694 uescitur
2023 663 2059 688 30

1145 725 1395 780 Epulantur
1427 724 1668 767 conbibuut
1700 723 1950 766 diliciantur

1146 796 1359 852 Equando
1394 796 1628 852 aliquando
1666 796 1737 838 uel
1770 796 2003 851 aliquando

1207 884 1258 911 ex
1291 884 1375 924 quo
1409 871 1606 924 tempore

1146 941 1293 996 Equat
1327 940 1557 996 equiparat

1145 1013 1362 1068 Equidem
1395 1027 1475 1069 ego
1509 1013 1682 1068 quidem

1143 1086 1388 1142 Equiperat
1420 1084 1638 1140 aequitem
1670 1084 1777 1127 facit
1808 1088 1968 1141 aequat
2023 1095 2058 1121 35

1143 1158 1266 1213 Equs
1301 1157 1475 1212 sonipes

1144 1230 1352 1272 Eradicat
1385 1232 1567 1272 euencat
1601 1231 1781 1271 eruncat

1144 1302 1315 1344 Eranus
1349 1302 1458 1356 stirp

1144 1374 1306 1416 Erecta
1338 1374 1492 1416 abulsa

1144 1446 1380 1501 Ereptoria
1423 1445 1752 1487 admandicatur
1790 1446 2060 1489 reddendam

1146 1518 1340 1561 Ereuum
1371 1518 1635 1573 profundum
1667 1517 1885 1560 infernum

1145 1591 1266 1647 Erga
1299 1591 1412 1633 circa
1443 1590 1514 1632 uel
1547 1590 1670 1632 iuxta

1145 1663 1398 1720 Ergastulis
1431 1663 1550 1704 duris
1584 1662 1787 1718 operibus

1145 1735 1431 1791 Ergastalum
1476 1735 1702 1777 metallum
1742 1750 1888 1778 carcer
1928 1736 2004 1778 ubi

1208 1808 1322 1850 serui
1354 1807 1634 1849 includuntur

1146 1881 1315 1937 Ergata
1347 1881 1550 1935 operator
2023 1887 2058 1913 45

1146 1952 1266 2008 Ergo
1299 1951 1437 2008 igitur
1468 1951 1538 1993 uel
1571 1951 1723 1993 deinde

1145 2024 1292 2080 Erigit
1326 2024 1501 2066 adtollit

1145 2096 1292 2151 Eripit
1324 2096 1489 2151 abripit
1520 2097 1709 2152 proripit

1144 2168 1322 2223 Eripuit
1355 2168 1539 2209 abstulit

1144 2241 1314 2296 Erogat
1344 2240 1525 2295 planum
1556 2240 1662 2283 facit
2022 2247 2057 2273 5⁰

1144 2312 1258 2355 Eros
1291 2312 1492 2354 dominus

1144 2385 1280 2427 Error
1311 2384 1570 2426 uaticinatio
1615 2410 1626 2425 ·

347 2530 377 2561 2.
406 2526 580 2562 edisserit
605 2527 663 2562 (le.
705 2526 897 2562 etdisserit
922 2540 945 2562 α
969 2529 980 2572 ΙΙ
1006 2531 1038 2563 5.
1065 2527 1272 2563 Eneruauit
1297 2527 1429 2562 abcde
1448 2529 1460 2572 ss
1481 2531 1512 2562 6.
1539 2526 1696 2562 Eneruis
1723 2528 1754 2563 b.
1799 2526 2001 2563 Eneruitus

252 2586 299 2620 de
319 2588 330 2631 ΙΙ
351 2591 380 2621 7.
404 2586 519 2620 Enica
545 2588 655 2621 abed
674 2588 684 2631 ΙΙ
705 2591 736 2622 8.
758 2586 919 2631 Enigma
944 2588 1079 2623 abcde
1098 2587 1109 2629 ΙΙ
1130 2591 1160 2622 9.
1182 2586 1369 2621 Enitescit
1394 2588 1530 2622 abcde
1552 2589 1557 2631 Ι
1581 2586 1811 2632 splendescit
1835 2588 1972 2623 abcde
1989 2588 2002 2635 ΙΙ

255 2650 307 2680 10.
327 2647 372 2681 ab
394 2645 554 2681 aenituit
572 2658 703 2682 novam
722 2647 768 2692 91.
790 2648 964 2682 iozcohmzt
983 2648 1117 2683 ccbcde
1140 2650 1143 2692 Ι
1167 2646 1308 2681 effulsit
1326 2647 1409 2682 aed
1426 2649 1438 2692 ΙΙ
1459 2651 1515 2683 11.
1535 2646 1697 2682 liberata
1716 2659 1733 2682 e
1753 2651 1786 2683 et
1804 2659 1822 2682 e
1841 2659 1931 2683 corr.
1947 2649 1972 2683 d
1989 2648 2002 2695 Η

254 2710 306 2741 12.
333 2706 449 2741 Enixe
477 2708 538 2742 ab.
590 2706 733 2741 Enixae
761 2708 833 2742 cde
875 2710 886 2753 ΙΙ
932 2712 986 2742 16.
1013 2707 1137 2741 Ensiis
1170 2719 1212 2742 ac
1249 2710 1261 2752 ΙΙ
1302 2711 1354 2742 17.
1382 2707 1608 2742 Enucleauit
1633 2708 1742 2743 abed
1779 2708 1791 2752 ΙΙ
1827 2711 1883 2742 20.
1910 2706 1998 2741 Eois

251 2767 299 2800 de
318 2768 328 2810 ΙΙ
349 2771 404 2802 23.
430 2766 691 2801 mathematici
717 2767 741 2802 cl
749 2778 765 2801 e
788 2771 792 2811 ι
816 2766 1000 2811 colligunt
1025 2768 1159 2802 abcsle
1178 2769 1189 2813 Η
1210 2771 1265 2802 24.
1293 2766 1518 2802 adbreuiata
1544 2768 1622 2803 bcle
1641 2769 1652 2813 ΙΙ
1672 2771 1728 2801 25.
1755 2766 2001 2812 Ephilogium

250 2827 324 2861 cde
343 2829 354 2871 11
375 2832 429 2862 26.
457 2838 553 2871 quae
580 2828 629 2862 cle
651 2828 656 2871 Ι
679 2826 867 2861 dabantur
893 2827 941 2861 (Ze
960 2827 971 2870 l}
991 2831 1047 2861 27.
1075 2826 1372 2870 Epithalamium
1400 2829 1430 2863 b.
1482 2826 1783 2872 Ephitalamium
1808 2828 1866 2862 de.
1912 2825 2000 2871 Epi-

249 2885 514 2931 thalamigium
541 2900 574 2922 a.
624 2885 993 2931 Ephithalamigi-um
1019 2897 1037 2921 c
1080 2888 1092 2931 j}
1135 2890 1191 2921 28.
1218 2887 1384 2932 Epotata
1411 2888 1544 2923 abede
1580 2889 1592 2932 11
1631 2891 1685 2922 29.
1714 2886 1888 2922 Effoebus
1915 2887 1963 2922 de
1988 2887 2009 2934 11

251 2950 305 2981 31.
333 2947 536 2981 conuiuunt
562 2948 582 2983 b
619 2948 630 2992 ΙΙ
667 2951 723 2982 33.
751 2945 948 2990 equiperat
973 2947 1051 2981 abc
1087 2948 1099 2990 ΙΙ

1137 2950 1192 2983 36.
1219 2947 1347 2991 Equus
1374 2948 1508 2983 abcde
1550 2949 1562 2993 ΙΙ
1605 2951 1661 2982 37.
1687 2945 1890 2981 Earadicat
1915 2957 1964 2981 ae
1991 2945 1995 2992 Ι

251 3008 409 3041 auencat
435 3008 522 3042 lule.
573 3007 726 3042 uiencat
751 3018 799 3041 ae
830 3009 841 3050 ΙΙ
873 3010 929 3042 38.
958 3006 1070 3051 stirps
1097 3008 1177 3042 (1ch
1204 3009 1216 3053 ΙΙ
1249 3010 1305 3042 39.
1333 3007 1466 3041 auulsa
1491 3008 1624 3042 abcde
1655 3008 1666 3052 ΙΙ
1698 3010 1753 3042 40.
1780 3004 2000 3050 Ecreptoria

251 3077 299 3100 ac
321 3068 326 3110 Ι
349 3066 615 3102 admandaieat
641 3068 718 3102 abc
736 3068 748 3112 ΙΙ
767 3071 824 3101 41.
850 3065 1011 3100 Erebuni
1039 3064 1081 3110 (b
1107 3078 1151 3101 em
1177 3069 1216 3109 u)
1245 3067 1264 3101 b
1297 3067 1308 3111 ΙΙ
1339 3069 1395 3100 43.
1423 3065 1523 3100 auris
1550 3078 1599 3101 ac
1629 3067 1640 3111 ΙΙ
1670 3068 1727 3101 44.
1754 3064 1998 3110 Ergastulum

251 3126 386 3161 abc-cle
407 3127 413 3172 ἱ
435 3126 602 3161 netalum
629 3139 679 3162 ac
697 3128 708 3172 11
728 3131 784 3162 46.
812 3125 910 3170 Ergo
938 3124 1051 3170 erigit
1076 3124 1192 3169 igitur
1218 3137 1269 3160 ac
1287 3127 1299 3171 Η
1319 3129 1374 3161 47.
1393 3125 1528 3170 Erupit
1554 3124 1718 3160 attollite
1746 3125 1936 3169 (adtollite
1956 3127 1996 3170 a)

251 3197 300 3219 ac
319 3187 329 3229 Η
351 3189 405 3220 49.
434 3186 574 3220 abtulit
599 3199 632 3222 α.
673 3185 828 3221 abtullit
853 3197 871 3221 c
889 3188 901 3231 ss
921 3189 978 3221 52.
1006 3186 1116 3220 Erros
1143 3188 1222 3230 acl]
