2170 3522
328 209 414 251 564

327 319 559 361 Rumfeum
592 318 784 374 gladium

326 391 510 433 Rumfea
543 393 669 445 spata

326 453 588 519 Riibiginem
622 461 846 518 eruginem

326 676 476 720 Salsus
517 679 688 735 sapiens
731 682 806 721 aut
852 681 1031 721 ornatus
1071 680 1177 719 tem-

381 754 557 807 peratus

287 840 303 864 ⁵
326 823 423 865 Sale
458 824 656 866 conditus
691 824 804 880 quod
837 839 968 880 supra

271 1273 302 1297 10

259 2138 292 2162 20

324 895 578 939 Salebrosus
612 912 738 952 asper

324 967 485 1011 Salices
498 970 550 1011 ab
564 984 613 1011 eo
627 969 742 1024 quod
752 969 962 1011 uelociter
975 969 1174 1010 crescunt

323 1040 516 1096 Salpicta
549 1041 817 1083 tubicinatur

322 1111 470 1155 Sancit
515 1112 671 1155 statuit
710 1115 784 1155 aut
823 1115 1023 1155 sanctum
1067 1111 1173 1154 facit

381 1188 456 1227 aut
483 1186 629 1227 condit
656 1189 730 1227 aut
751 1185 857 1228 dicit
884 1188 960 1226 aut
981 1184 1173 1227 decernit

324 1256 476 1299 Sanxit
507 1257 636 1300 iussit
668 1261 744 1299 aut
775 1257 932 1299 tribuit
965 1257 1034 1299 uel
1066 1256 1172 1298 iudi-

380 1330 496 1372 cauit
529 1330 619 1372 siue
652 1330 848 1372 definiuit

321 1401 495 1445 Sancire
528 1402 717 1444 iudicare
751 1403 1006 1445 confirmare

320 1473 559 1516 Sambucus
594 1475 779 1516 saltatur

319 1545 630 1589 Sambueistris
676 1546 751 1602 qui
788 1547 834 1587 in
873 1549 1018 1588 cetera
1058 1545 1171 1587 rusti

376 1619 545 1661 canitur

317 1690 638 1733 Sambuciarius
670 1691 763 1746 ipse
797 1690 870 1746 qui
903 1690 1008 1732 dicit

279 1778 294 1803 5
316 1762 532 1805 Safarium
566 1779 621 1805 an
652 1763 785 1804 trium
817 1762 970 1818 templi

316 1835 527 1878 Salictum
559 1835 799 1892 uirgultum

315 1907 561 1951 Sandaraca
593 1922 728 1964 genus
762 1907 920 1949 coloris

314 1978 454 2022 Satim
487 1980 648 2022 sufficit
682 1982 757 2022 aut
790 1979 897 2021 satis
931 1981 997 2020 est

313 2050 429 2094 Satis
463 2052 579 2094 datio
614 2052 963 2108 conplementum

314 2123 428 2166 Satis
462 2139 728 2180 consequens

313 2195 418 2238 Sata
450 2197 602 2239 messis
635 2199 710 2238 aut
743 2195 908 2237 semina

313 2267 441 2310 Sator
475 2272 620 2311 arator

313 2339 441 2382 Sator
471 2344 596 2396 pater
627 2340 696 2382 uel
729 2339 967 2381 seminator

313 2411 464 2454 Satera
495 2413 646 2470 iugum
679 2412 793 2467 quod
825 2414 892 2453 est

258 2497 291 2522 25
313 2483 514 2540 Sappapa
546 2485 672 2540 quasi
704 2484 873 2526 sarculo

312 2555 435 2598 Sario
470 2557 662 2599 considio

311 2626 406 2669 Sari
438 2628 582 2671 laxare

968 206 1180 242 GLOSSAE
1207 206 1422 242 AFFATIM

1218 316 1369 360 8361113
1402 318 1557 360 111611113

1218 388 1400 445 Sataget
1432 390 1593 432 delibet
1624 391 1694 432 uel
1727 391 1894 447 cogitat

1217 460 1470 517 Satageriae
1492 462 1634 505 cilicio
1649 463 1804 505 uestiri
1812 462 1846 519 1)
1863 464 2069 507 iocularis
2087 479 2123 504 30

1218 532 1438 576 Satellites
1465 534 1657 576 ministri
1683 535 1968 578 malifactoris
1995 540 2071 579 aut

1275 606 1382 648 socii

1217 677 1440 720 Satellites
1472 693 1625 735 regum
1658 679 1839 721 comites

1216 748 1425 806 Satrapae
1462 751 1704 806 praepositi
1740 766 1968 806 persarum
1999 753 2068 794 uel

1271 821 1454 876 perfecti

1214 892 1409 935 Sauciari
1444 895 1664 937 uulnerari

1215 964 1396 1008 Saucius
1428 967 1685 1009 uulneratus
2086 983 2120 1009 35

1214 1037 1434 1080 Sarminta
1466 1039 1736 1081 sarculamen
1761 1040 1831 1082 uel
1857 1041 1967 1083 rami
1994 1041 2068 1097 qui

1271 1111 1413 1152 diuide
1447 1111 1703 1153 exciduntur

1212 1182 1388 1225 Sartum
1420 1184 1700 1226 coniunctum
1733 1187 1962 1226 consutum

1212 1254 1358 1297 Saltus
1392 1256 1503 1297 silua
1534 1256 1603 1298 uel
1636 1259 1807 1299 montes
1839 1257 2002 1299 deserti

1211 1327 1386 1370 Saluete
1420 1328 1537 1370 salue
1571 1331 1712 1370 estote
1744 1328 1814 1370 uel
1845 1329 2027 1385 propitii

1212 1399 1340 1442 Salue
1374 1415 1454 1442 aue

1211 1471 1402 1515 Saburra
1441 1488 1548 1515 onus
1589 1473 1815 1528 quodlibet
1847 1473 1900 1514 ad
1931 1488 2064 1516 naues

1267 1560 1402 1587 uacue
1436 1545 1720 1587 stabiliuntur

1210 1615 1360 1659 Salum
1392 1631 1510 1658 mare

1209 1688 1307 1731 Sale
1341 1689 1452 1731 mari

1208 1760 1358 1804 Sanies
1396 1761 1642 1817 patefactus
1680 1761 1796 1803 liuor
1834 1765 1938 1818 post
1970 1777 2063 1806 san-

1265 1834 1440 1890 guinem
1474 1836 1728 1889 corruptum

1206 1905 1362 1948 Saltim
1394 1906 1598 1948 uidelicet

1206 1976 1318 2020 Sane
1353 1981 1468 2021 certe

1204 2048 1347 2106 Sagax
1380 2065 1478 2092 acer
1507 2050 1802 2107 inuestigatur

1203 2121 1428 2178 Sagaeitas
1462 2122 1664 2165 alacritas
1696 2122 1909 2165 uelocitas

1205 2192 1418 2236 Subulum
1443 2209 1572 2250 rupes
1598 2195 1667 2236 uel
1689 2194 1933 2237 aedificium
1953 2194 2059 2250 lapi—

1263 2267 1366 2308 dum
1379 2265 1412 2322 2)

1204 2337 1399 2380 Satricus
1432 2353 1580 2380 morus
1612 2337 1835 2394 discriptis

1204 2409 1452 2453 Samilubro
1486 2410 1719 2452 artificium

1204 2480 1386 2538 Sarapia
1417 2482 1570 2538 rapina

1203 2554 1415 2597 Satumen
1434 2570 1565 2596 unum
1589 2554 1817 2596 dimidium
1839 2555 2055 2598 modicum

1261 2627 1377 2682 capit

2077 2353 2112 2380 50

406 2747 438 2791 1)
465 2746 537 2781 esti
561 2758 588 2781 s.
614 2759 645 2781 v.
672 2757 738 2781 scr.
759 2746 824 2790 112)
851 2746 898 2791 92.
925 2749 972 2780 48
997 2750 1030 2781 et
1055 2749 1102 2781 49
1127 2749 1366 2781 conectuntur
1384 2748 1396 2790 ΙΙ

402 2857 433 2889 4.
462 2853 656 2888 ordinatus
683 2854 736 2888 ab
780 2853 791 2897 ΙΙ
835 2856 866 2887 S.
894 2852 1123 2888 tubicinator
1150 2856 1169 2889 b
1206 2856 1217 2898 ΙῙ
1257 2857 1311 2888 1-2.
1340 2852 1499 2887 saltator
1525 2864 1549 2887 a
1579 2854 1591 2899 ΙΙ
1630 2857 1683 2888 13.
1712 2852 1971 2888 Sanbucistria
1997 2854 2017 2889 b
2046 2855 2050 2901 1

2083 1395 2170 1442 404

2164 1775 2170 1806 1

307 2913 464 2957 cythara
485 2915 504 2948 b
527 2916 531 2958 1
554 2912 695 2948 rustica
716 2911 818 2946 canit
837 2912 856 2945 b
876 2913 887 2957 ΙΙ
909 2916 962 2946 15.
985 2912 1121 2947 atrium
1141 2914 1192 2948 ab
1211 2915 1223 2958 ΙΙ
1243 2917 1297 2949 18.
1320 2912 1446 2947 8316313
1466 2913 1486 2947 b
1505 2914 1516 2958 ΙΙ
1537 2915 1592 2946 21.
1614 2911 1800 2948 seminata
1819 2914 1839 2948 b
1857 2915 1870 2958 ΙΙ
1889 2917 1944 2949 26.
1966 2924 2054 2948 con-

308 2973 395 3007 mio
423 2975 442 3009 z,
473 2975 484 3018 {l
517 2977 573 3009 ⁵28.
601 2972 725 3007 Satius
752 2973 772 3007 z,
803 2973 815 3016 n
847 2976 902 3008 29.
930 2971 997 3006 Sat
1023 2971 1104 3016 agit
1130 2973 1149 3007 z,
1173 2977 1177 3017 ι
1200 2972 1386 3007 deliberat
1412 2973 1432 3007 z,
1457 2974 1468 3018 l!
1498 2976 1552 3007 30.
1583 2971 1760 3017 Satigerii
1785 2973 1805 3008 b
1827 2974 1832 3019 Ι
1855 2972 1970 3008 efficii
1994 2963 2016 3008 b
2040 2973 2053 3020 Η

306 3037 361 3067 31.
388 3032 649 3067 malefactores
676 3033 696 3067 b
716 3034 727 3077 ΙΙ
747 3036 801 3066 32.
822 3042 888 3066 om.
911 3031 932 3065 b
950 3032 961 3076 ΙΙ
982 3035 1036 3066 33.
1062 3031 1244 3075 praefecti
1269 3033 1320 3067 ab
1340 3035 1352 3077 ΙΙ
1372 3036 1427 3067 36.
1455 3031 1652 3067 Sarmenta
1677 3033 1730 3068 ab
1752 3034 1757 3077 Ι
1779 3032 1844 3077 qui
1869 3032 1997 3068 douite
2016 3045 2049 3068 a.

305 3104 401 3135 quae
428 3092 505 3139 uite
532 3093 552 3127 b
581 3094 592 3136 ss
621 3096 676 3127 39.
704 3091 801 3125 salui
827 3092 846 3126 b
872 3091 884 3135 ΙΙ
908 3095 965 3125 41.
992 3091 1056 3137 ad]
1085 3102 1156 3134 quo
1184 3093 1310 3136 b1147.
1336 3091 1587 3135 inuestigator
1612 3092 1738 3137 111149.
1766 3091 1947 3127 Sabulum
1971 3093 2050 3128 cod.

305 3152 415 3188 Rern.
438 3156 515 3188 :224
534 3154 545 3196 ΙΙ
567 3156 621 3187 50.
649 3150 830 3186 Satiricus
856 3161 999 3185 morum
1027 3150 1235 3195 descriptor
1261 3152 1281 3186 b
1301 3153 1312 3197 ΙΙ
1332 3154 1387 3186 52.
1409 3151 1584 3196 Satrapia
1609 3163 1632 3186 a
1651 3153 1662 3197 ΙΙ
1682 3154 1736 3186 53.
1759 3151 1889 3186 Satum
1916 3153 1975 3186 est
1999 3153 2020 3187 b
2043 3151 2046 3198 Ι

304 3211 466 3245 modium
494 3224 516 3245 (ι
525 3213 544 3245 b
563 3213 575 3256 H
