2170 3522
219 199 306 241 502

222 307 427 351 Criminis
461 303 701 358 sacculus¹)

132 391 193 421 18¹¹
222 379 395 423 Uurulis
430 378 536 420 sella
566 392 590 418 a
617 390 742 418 curro
772 374 874 429 quia
901 372 1001 428 equi
1030 372 1081 413 de

282 466 406 494 curro
441 449 610 491 curules
644 447 848 489 dicuntur

224 524 398 567 Culleus
432 521 579 563 tonica
612 535 662 562 ex
697 520 847 574 sparto
881 516 924 558 in
952 515 1080 557 niodo

284 594 474 637 erumnis
511 593 629 635 facta
663 606 772 647 quae
806 589 1027 631 linebatur
1061 603 1085 629 a

283 667 444 723 populo
479 665 573 720 pice
607 667 650 706 et
683 662 897 705 bitumine
927 660 973 702 in
1001 675 1086 714 qua

284 738 621 781 includabantur
691 734 919 791 paracidae
988 748 1086 775 611111

285 811 421 853 semia
465 811 657 864 serperte
698 811 742 850 et
781 807 899 863 gallo
939 805 1088 847 insuta

286 882 545 924 mittebatur
590 881 635 922 111
679 879 789 922 mari
830 882 873 920 et
913 880 1088 920 conten-

286 955 490 997 dentibus
526 953 641 995 inter
675 968 719 994 se
752 951 860 1007 ipsis
896 950 1088 991 animan-

288 1028 406 1069 tibus
456 1028 587 1068 honio
642 1024 882 1067 maioribus
936 1023 1088 1079 poenis

288 1099 559 1141 efficiebatur

230 1316 431 1372 Draquili
465 1330 618 1357 manus
652 1314 787 1355 inuidi

194 1404 209 1428 :3
230 1389 375 1444 Dapes
408 1403 530 1431 escae
565 1387 649 1429 cibi
683 1387 891 1429 latiorum

230 1461 397 1503 Damde
431 1461 561 1515 dapes
596 1459 717 1501 cibus

232 1534 465 1589 Dapseleni
500 1531 675 1587 cupiose

231 1605 424 1661 Dapsilis
458 1604 662 1660 profusus

231 1678 377 1734 Dapes
412 1677 498 1719 cibi
532 1676 711 1718 diuitiae

180 1766 212 1789 10
234 1750 426 1805 Dapsilis
468 1765 493 1791 a
531 1748 716 1804 dapibus
754 1749 825 1803 qui
861 1748 969 1790 satis
1004 1764 1093 1790 ero-

293 1825 370 1879 gat
403 1822 456 1864 ad
489 1837 609 1864 escas

234 1895 468 1938 Dammula
490 1896 565 1936 aut
586 1894 743 1935 damna
762 1909 889 1949 capra
907 1895 1094 1949 agrestis

239 1967 573 2024 Dragontopede
614 1966 746 2008 honio
786 1970 853 2007 cst
893 1966 966 2021 qui
1002 1982 1096 2008 cau-

294 2040 396 2081 dum
428 2039 563 2080 habet
596 2038 795 2080 draconis

236 2112 375 2153 Dator
409 2111 656 2152 adtributor

237 2183 481 2240 Dragontia
501 2197 673 2239 gemma
696 2198 746 2224 ex
768 2184 945 2225 cerebro
955 2182 989 2239 2)
1013 2199 1096 2226 ser-

297 2257 440 2312 pentis

185 2342 217 2367 15
237 2329 373 2371 Dauit
406 2329 679 2370 consecrauit

240 2402 389 2443 Danus
422 2401 642 2443 fenerator

239 2473 456 2527 <Damna
489 2473 718 2528 capreola>

244 2545 459 2587 Dux-atum
492 2545 699 2587 deuotum
733 2547 1038 2588 consecratum

864 188 1079 225 GLOSSAE
1108 180 1325 222 AFFATIM

1120 297 1333 340 Dedicare
1367 311 1446 352 pro
1481 295 1692 351 religione
1727 294 1881 337 offerre

1120 369 1367 412 Deuotione
1399 368 1566 410 honore

1121 442 1319 484 Deuotus
1353 440 1573 496 promisus
1608 439 1833 482 dedicatus

1121 514 1296 557 Deuota
1333 513 1481 555 addita
1547 561 1553 566 ᾖ

1124 586 1298 629 Deuota
1340 585 1489 627 debita
1535 585 1766 627 exsoluens
1812 587 1856 627 et
1900 599 1988 626 non

1184 658 1405 714 promissa

1125 730 1261 787 Degit
1298 729 1392 786 agit
1432 730 1546 772 uiuit
1587 729 1808 772 consentit
1847 730 1991 772 demo-

1186 805 1309 844 ratur

1126 875 1299 917 Decunt
1333 877 1564 917 transeunt
2013 884 2047 908 25

1127 948 1313 990 Declara
1345 947 1543 989 delucida

2003 376 2038 410 20

1128 1020 1521 1062 Deuteronomiuni
1554 1019 1733 1062 iteratio
1766 1020 1878 1076 legis

1127 1092 1401 1149 Decalogum
1433 1092 1573 1135 decim
1606 1092 1741 1134 uerba
1773 1092 1885 1148 legis

1129 1164 1459 1207 Deuerticuluni
1487 1164 1563 1207 ubi
1584 1164 1829 1207 deuertitur
1849 1165 1901 1207 de
1921 1164 1994 1206 uia

1190 1237 1366 1280 deflexit

1130 1310 1437 1353 Diuersuriuin
1471 1310 1649 1353 domum
1684 1309 1919 1366 ospitalem

1130 1383 1317 1439 Deplere
1349 1398 1560 1425 euacuare

2015 1318 2050 1343 30

1134 1456 1291 1512 Deplet
1324 1458 1509 1498 euacuat
1542 1455 1737 1498 exinanit

1133 1529 1320 1571 Dennun
1349 1529 1502 1570 deinde
1530 1527 1733 1583 deinceps
1760 1527 1900 1584 igitur
1926 1527 1996 1569 1161

1193 1602 1354 1643 iterum

1133 1674 1286 1715 Denuo
1320 1673 1498 1715 iteratio

1133 1746 1410 1801 Dcprauator
1443 1746 1687 1787 minorator
2019 1754 2053 1780 35

1134 1818 1343 1860 Desiliuit
1383 1817 1623 1873 discrepuit
1657 1817 1749 1859 siue
1783 1817 1999 1860 discendit

1134 1890 1350 1933 Deductio
1386 1890 1628 1946 disputatio

1137 1963 1368 2020 Demigrat
1401 1963 1590 2019 emigrat
1626 1963 1820 2005 detrudit

1136 2036 1359 2092 Depactus
1395 2035 1618 2091 pollicitus
1653 2036 1832 2091 spondit

1137 2108 1336 2164 Denique
1371 2111 1595 2163 postremo
1997 2118 2056 2163 Δ40

1137 2181 1347 2236 Disperat
1380 2180 1587 2235 spiritum
1621 2180 1740 2223 tollit

1138 2254 1360 2310 Degemur
1410 2253 1484 2308 qui
1530 2253 1580 2295 de
1627 2267 1784 2309 genere
1832 2253 2001 2309 optimo

1198 2326 1394 2368 nascitur
1428 2328 1471 2367 et
1504 2326 1688 2368 honeste
1722 2326 1836 2368 uiuit

1137 2399 1352 2455 Depactio
1385 2397 1505 2453 pacis
1540 2398 1833 2441 consideratio

1139 2471 1333 2513 Delubra
1363 2470 1529 2525 templa
1556 2470 1774 2513 idolorum
1802 2473 1879 2514 aut
1905 2486 2003 2514 aua-

1199 2543 1303 2585 ritia

338 2677 371 2721 1)
393 2689 430 2721 p.
460 2679 529 2710 501
556 2677 602 2722 gyl.
632 2679 678 2711 57
704 2680 735 2711 ct
758 2688 795 2721 p.
825 2679 899 2711 502
926 2676 972 2721 yl.
1004 2679 1021 2710 1
1049 2676 1329 2721 conizmyuntw·
1348 2675 1359 2719 ΙΙ
1380 2676 1416 2719 2)
1443 2686 1503 2709 ccr
1529 2686 1573 2710 ex
1600 2674 1656 2709 cel
1682 2685 1773 2710 corr.
1795 2675 1807 2719 ΙΙ

338 2790 368 2819 1.
397 2784 582 2819 Cruminis
605 2786 650 2820 bc
669 2786 680 2829 ss
702 2790 732 2819 2’.
749 2783 914 2819 Currulis
937 2785 956 2819 b
979 2786 984 2828 l
1008 2795 1117 2818 curru
1137 2795 1181 2819 ca:
1195 2795 1287 2819 corr.
1303 2796 1321 2819 6
1343 2784 1348 2827 Ι
1372 2794 1479 2818 curru
1501 2795 1519 2819 6
1542 2784 1547 2827 1
1570 2782 1736 2817 currules
1758 2783 1778 2817 b
1798 2782 1810 2827 ΙΙ
1829 2786 1862 2818 3.
1877 2781 2008 2817 tunica

242 2846 318 2880 abc
346 2846 350 2890 Ι
380 2844 531 2879 1110(111111
559 2846 605 2880 bc
629 2847 632 2886 Ι
656 2843 948 2879 includebantur
975 2846 1053 2880 abc
1083 2847 1086 2889 Ι
1116 2843 1329 2889 parricidae
1357 2845 1404 2880 bc
1426 2845 1430 2890 1
1455 2842 1566 2878 simia
1592 2844 1672 2879 abc
1694 2844 1698 2887 Ι
1722 2843 1897 2887 serpente
1923 2843 1971 2878 bc
2000 2842 2004 2886 1

243 2903 478 2938 afficiebatur
504 2905 582 2939 abc
601 2906 612 2949 ΙΙ
633 2908 664 2939 5.
692 2903 895 2938 lautiorum
924 2905 970 2939 bc
989 2905 1000 2948 Η
1022 2909 1051 2938 7.
1081 2903 1230 2948 copiose
1258 2905 1336 2940 abc
1355 2905 1367 2948 11
1391 2907 1442 2938 lO.
1471 2915 1538 2939 om.
1565 2915 1584 2939 6
1603 2904 1614 2948 ΙΙ
1638 2906 1690 2938 11.
1712 2902 1865 2937 damma
1891 2903 1971 2938 abc
1996 2903 2008 2946 ὶΙ

246 2967 297 2998 12.
326 2963 611 3009 Dracontopcde
638 2975 656 2999 6
703 2967 706 3007 Ι
754 2963 915 2998 caudam
943 2975 991 2999 ccc
1035 2965 1045 3009 ΙΙ
1090 2968 1142 2998 14.
1171 2963 1378 2999 Dracontia
1404 2964 1451 2999 bc
1495 2966 1507 3007 ΙΙ
1553 2966 1607 2998 17.
1634 2974 1702 2998 om.
1729 2974 1752 2998 a
1795 2963 1808 3008 ΙΙ
1853 2965 1908 2997 18.
1935 2961 2007 2997 De·
2143 2960 2165 3005 ἕρ]

244 3024 369 3057 catum
396 3024 442 3059 bc
461 3026 472 3067 Η
493 3028 548 3058 21.
576 3023 782 3068 promissus
809 3025 889 3059 abc
908 3025 919 3068 Η
940 3028 995 3058 22.
1019 3023 1172 3058 addicta
1200 3025 1246 3060 bc
1266 3026 1277 3069 ΙΙ
1297 3028 1353 3059 24.
1376 3022 1552 3058 consistit
1578 3023 1656 3059 abc
1675 3023 1687 3068 ss
1707 3025 1764 3057 25.
1785 3021 1939 3067 Degunt
1958 3034 1977 3058 6
1997 3024 2000 3059 l

246 3087 300 3116 26,
330 3082 506 3117 Declarat
538 3083 731 3118 delucidat
756 3085 803 3119 bc
828 3084 839 3128 ΙΙ
864 3073 919 3118 ⁶28.
949 3083 1077 3117 decem
1104 3084 1123 3118 b
1150 3085 1161 3127 ΙΙ
1182 3087 1237 3119 29.
1266 3082 1469 3118 diucrtitur
1495 3095 1544 3119 ac
1566 3085 1571 3128 Ι
1595 3081 1753 3118 deflexio
1780 3083 1909 3128 111130.
1936 3082 2008 3118 De-

247 3141 453 3176 uorsurium
479 3145 541 3178 ab.
594 3142 858 3178 Deuersorium
885 3156 903 3179 6
926 3145 931 3188 1
953 3141 1180 3187 hospitalem
1208 3144 1287 3179 abe
1312 3144 1323 3188 ΙΙ
1344 3148 1400 3179 34.
1426 3143 1564 3179 iterato
1592 3144 1639 3179 bc
1658 3144 1670 3189 ss
1690 3146 1747 3179 35.
1767 3142 2009 3188 Deprauatur

248 3201 454 3236 minoratur
480 3215 497 3238 6
516 3205 527 3247 Η
549 3208 602 3237 36.
632 3202 828 3237 descondit
855 3204 874 3238 b
895 3205 906 3249 Η
926 3206 981 3237 41.
1010 3201 1187 3246 Despirat
1215 3204 1260 3239 bc
1279 3205 1291 3248 ll
1311 3207 1366 3238 4:21.
1394 3203 1568 3247 Degener
1594 3204 1641 3238 bc
1664 3205 1668 3246 Ι
1691 3201 1891 3237 inhoneste
1917 3214 1936 3238 c
1955 3203 1968 3247 ΙΙ
