2232 3548
297 234 342 268 Vl
353 235 377 267 11
1029 226 1298 262 PRAEFATIO

299 343 435 397 primu
471 342 603 395 ipsius
636 339 801 380 librarii
830 341 915 390 est3
949 337 1086 378 altera
1112 336 1219 377 satis
1248 338 1418 376 vetusta
1445 337 1510 376 est
1538 334 1687 389 (quain
1715 334 1791 375 em.
1813 334 1860 376 2⁹
1888 334 2032 389 appel-

301 413 420 461 lam:
466 412 595 453 tertia
632 414 697 451 est
739 408 895 450 saeculi
932 407 1024 448 XV.
1089 407 1328 459 Interdum,
1374 406 1447 446 sed
1492 420 1607 457 raro,
1653 404 2032 447 adnotatiunculae

299 487 466 537 extant,
505 498 610 536 quas
648 481 754 522 nulli
794 495 844 521 ex
882 479 950 520 his
984 478 1182 519 munibus
1215 477 1394 518 tribuas.
1426 501 1484 506 -—
1523 475 1794 518 Glossarium
1831 478 2035 518 secuntur

300 556 341 595 in
387 554 456 595 fol.
498 554 577 594 164
598 567 687 606 sqq.
735 551 982 605 ‘synonuma
1050 550 1158 590 Acer
1203 550 1378 590 intmitus
1422 562 1604 590 veemens
1647 551 1769 590 atrox
1812 548 2034 590 concitatus

297 623 466 666 ardens-⁹
494 639 526 665 e.
549 638 586 677 q.
608 637 657 676 s.;
684 622 727 662 in
753 621 826 662 fol.
854 621 950 661 172Γ
964 634 1055 674 sqq.
1083 619 1360 671 ‘differentiae
1385 619 1600 660 uerborum
1625 618 1822 660 Hisiclori
1846 618 2033 660 iunioris.

299 696 541 746 Plerumque
583 696 731 734 ⁴ueteres
774 705 1006 733 sermonum
1049 689 1325 742 differentia&
1371 704 1404 731 e.
1444 704 1481 744 q.
1518 705 1572 746 s.;
1620 689 1667 730 in
1710 689 1782 732 fol.
1818 689 1921 731 208¹
1940 702 2034 743 sqq.

298 765 497 817 ‘capitula
543 765 589 805 de
622 763 855 804 nominibus
892 762 1058 812 cbrcis';
1096 761 1142 802 in
1179 760 1251 802 fol.
1284 760 1387 802 219Υ
1407 775 1467 814 sq.
1513 760 1820 816 glossariolum
1863 774 2035 815 graeco-

299 837 480 878 latinum
520 834 669 888 ‘Amos
703 837 866 875 sanctus
897 866 1047 876 .....
1081 832 1287 874 Parobola
1318 831 1588 882 similitudo’5
1630 832 1797 886 reliqua
1832 831 1917 873 huc
1946 845 2035 872 non

297 907 522 961 pertinent.
545 930 598 934 ——
621 904 891 946 Glossarium
924 904 1028 946 olim
1060 919 1084 945 a
1117 902 1364 945 Caietano
1391 901 1612 944 Marinio
1640 917 1798 958 magna
1829 916 1880 944 ex
1910 903 2034 957 parte

297 978 559 1031 descriptum
592 979 656 1017 est
689 979 798 1017 teste
831 975 1050 1016 Arevalo
1084 975 1128 1015 in
1154 973 1405 1016 Isidorianis
1433 973 1495 1014 IV
1527 989 1567 1028 p.
1592 975 1689 1025 270,
1722 974 1795 1028 qui
1828 973 1904 1014 illo
1937 987 2035 1027 apo-

297 1048 460 1104 grapho
498 1062 600 1088 usus
641 1046 764 1100 est¹).
825 1045 931 1087 Post
969 1045 1246 1087 Arevalum
1285 1044 1482 1086 adhibuit
1518 1044 1748 1100 Angelus
1787 1043 1952 1085 Maius
1990 1043 2036 1085 in

297 1119 540 1174 glossarum
578 1117 813 1173 farragine,
860 1131 989 1170 quam
1027 1117 1072 1157 in
1110 1118 1232 1158 sexto
1271 1115 1488 1157 volumine
1528 1113 1663 1157 Glass.
1702 1118 1813 1157 auct.
1852 1130 1886 1156 a.
1922 1113 2036 1156 1834

298 1206 335 1244 p.
363 1190 591 1231 sol—551
637 1188 780 1229 edidit.
843 1187 940 1241 Ipse
974 1187 1088 1228 enim
1120 1187 1165 1227 in
1202 1186 1470 1241 praefatione
1502 1189 1668 1240 narrat,
1705 1201 1794 1228 non
1825 1182 1959 1227 unuin
1991 1200 2036 1227 se

298 1261 480 1302 edidisse
514 1260 684 1311 librum,
718 1259 790 1300 sed
824 1258 1085 1300 collectanea
1118 1273 1168 1299 ex
1201 1260 1299 1299 octo
1328 1257 1547 1299 codicibus
1573 1256 1800 1299 Vaticanis
1832 1256 2035 1298 derivata.

300 1332 392 1381 Quo
426 1346 476 1372 ex
508 1344 685 1371 numero
714 1332 801 1370 tres
838 1329 910 1370 ‘'ab
937 1329 1062 1370 initio
1097 1330 1150 1371 ad
1183 1329 1343 1371 calcem
1371 1328 1594 1383 expilavit:
1627 1328 1855 1370 codicem
1885 1342 2037 1370 unum

300 1402 589 1444 mirabilem
627 1400 829 1441 litteris
869 1400 1152 1456 grandibus
1193 1400 1387 1441 saeculi
1420 1399 1577 1440 ferme
1609 1399 1693 1451 VI,
1733 1400 1917 1441 alterum
1950 1412 2038 1440 sae-

299 1474 383 1515 culi
408 1473 482 1526 IX,
514 1472 691 1513 tertium
720 1471 901 1525 denique
929 1471 1088 1512 saeculi
1115 1470 1217 1524 X1'3
1247 1470 1514 1525 reliquorum
1541 1470 1729 1525 quinque
1757 1469 1902 1526 (unius
1929 1484 1960 1511 s.
1985 1468 2038 1524 X,

299 1544 430 1586 trium
458 1559 488 1585 3.
516 1542 589 1597 XI,
615 1542 741 1583 unius
770 1557 800 1583 3.
827 1540 933 1598 XII)
960 1542 999 1583 A
1027 1545 1069 1583 et
1094 1542 1129 1583 B
1157 1542 1328 1583 litteras
1358 1544 1530 1583 tantum
1558 1541 1784 1596 excerpsit.
1834 1540 2037 1583 Codicem

300 1618 444 1656 autem
465 1613 586 1655 illum
608 1613 882 1654 ‘mirabilem'
904 1628 996 1655 0330
1018 1612 1327 1654 Vaticanum
1342 1613 1453 1655 3321
1478 1611 1712 1654 Loewius
1734 1612 1934 1667 Prodr.p.
1954 1611 2038 1653 145

299 1685 510 1740 exposuit.
530 1709 587 1714 ——
613 1684 964 1740 Apographon
996 1684 1158 1739 integri
1190 1684 1394 1739 glossarii
1426 1683 1602 1738 reliquit
1634 1683 1891 1738 Loewius3
1923 1682 2038 1738 quod

299 1772 395 1798 cum
435 1757 524 1810 ipse
564 1755 724 1797 diceret
764 1755 943 1796 celerius
984 1755 1229 1797 confectum
1268 1769 1380 1806 0330,
1424 1755 1582 1796 iterum
1622 1769 1719 1796 011111
1757 1754 1852 1809 ipso
1892 1753 2038 1796 codice

300 1827 458 1882 partim
492 1826 916 1867 Gundermannus
948 1826 1111 1880 partim
1145 1839 1224 1881 ego
1253 1825 1526 1867 contulimus.
1584 1823 1692 1867 Cum
1719 1828 1865 1866 tamen
1894 1838 1949 1866 ne
1975 1823 2038 1866 sic

300 1899 470 1952 quidem
504 1912 651 1938 omnes
685 1897 910 1951 scrupulos
944 1899 1165 1951 exemptos
1199 1911 1291 1937 esse
1324 1896 1653 1950 intellexissem,
1687 1896 1887 1951 plagulas
1919 1895 2038 1950 ipsas

299 1969 350 2010 ad
401 1968 590 2009 codicem
644 1968 966 2010 accuratissime
1030 1967 1218 2009 correxit
1271 1965 1711 2009 Gundermannus.
1787 1965 2037 2022 Scripturae

300 2039 599 2093 compendia
629 2054 717 2079 11011
743 2038 903 2079 imitati
931 2053 1078 2080 sumus
1110 2037 1195 2079 nisi
1221 2037 1296 2078 ubi
1323 2040 1398 2078 aut
1425 2038 1614 2079 dubitari
1639 2040 1790 2093 posset
1822 2037 2037 2093 quomodo

300 2110 551 2165 explicanda
583 2113 726 2151 essent
759 2113 833 2150 aut
866 2109 1135 2164 corruptelae
1170 2108 1291 2164 origo
1325 2108 1386 2150 sic
1418 2108 1588 2150 facilius
1621 2109 1865 2163 patefieret:
1904 2123 1954 2151 ac
1983 2123 2038 2150 ne

301 2181 430 2221 verba
470 2180 639 2234 quidem
678 2181 949 2222 litterulasve
983 2180 1093 2221 male
1128 2180 1215 2221 sive
1250 2179 1602 2221 antecedentibus
1636 2180 1724 2221 sive
1757 2179 2038 2235 sequentibus

304 2251 583 2292 adhaerentes
626 2266 794 2306 semper
831 2251 1096 2305 notavimus,
1142 2251 1300 2305 quippe
1345 2251 1459 2305 quod
1502 2266 1628 2292 nemo
1673 2253 1788 2293 esset
1830 2251 2040 2293 desidera-

302 2325 434 2363 turus.
485 2322 662 2363 Etenim
695 2323 801 2364 talia
833 2323 970 2364 multo
1005 2322 1174 2377 saepius
1208 2322 1403 2377 legentes
1434 2321 1642 2377 impedire
1677 2336 1806 2377 quam
1838 2322 2038 2364 adiuvare

301 2407 380 2433 usu
408 2396 450 2433 et
477 2393 739 2447 experientia
765 2394 942 2435 edoctus
969 2408 1074 2434 sum.
1114 2392 1299 2447 Reliqua
1325 2392 1652 2448 religiosissime
1673 2393 2037 2448 transcripsimus.

419 2465 444 2515 ξ
477 2464 513 2503 2.
569 2463 775 2505 Eiusdem
808 2464 1009 2519 glossarii
1043 2464 1173 2506 codex
1207 2466 1272 2505 est
1305 2462 1633 2506 Cassinensis
1659 2465 1745 2507 439
1773 2463 1890 2518 (549.
1919 2464 2039 2521 557),

307 2534 668 2589 membranaceus,
703 2536 781 2576 147
817 2535 1034 2589 foliorum,
1066 2535 1386 2577 Bethmanno
1419 2535 1557 2577 iudice
1591 2536 1762 2578 saeculo
1793 2534 1856 2577 IX
1886 2535 1953 2578 vel
1985 2535 2039 2591 X,

305 2604 506 2645 Loewio
540 2606 676 2647 iudice
711 2606 880 2647 saeculo
915 2606 986 2660 xl,
1018 2606 1242 2648 Amellio
1275 2606 1413 2648 iudice
1447 2606 1617 2648 saeculo
1650 2605 1690 2647 X
1722 2606 1922 2661 scriptus.
1971 2605 2037 2649 De

304 2675 621 2716 Bethmanno
656 2675 704 2718 cf.
734 2676 928 2717 l'ertzii
956 2677 1085 2718 Arch.
1112 2678 1194 2719 vol.
1218 2679 1270 2719 12
1297 2676 1352 2732 (a.
1377 2675 1510 2734 1874)
1536 2692 1576 2732 Ρ.
1596 2678 1704 2733 508;
1735 2677 1786 2719 de
1811 2676 2036 2720 Amellio

303 2746 606 2800 ‘Spicilegium
637 2746 891 2788 Casinense'
925 2748 1037 2802 quod
1069 2762 1204 2802 paene
1238 2747 1483 2790 confectum
1516 2762 1609 2790 esse
1642 2747 1743 2790 scio.
1792 2746 2037 2790 Praemissa

303 2832 368 2868 est
401 2829 504 2870 folio
538 2829 677 2882 primo
711 2829 872 2870 scidula
906 2844 1001 2871 eum
1034 2830 1112 2872 hae
1145 2830 1445 2884 inscriptione:
1485 2830 1639 2873 ‘Codex
1668 2831 1770 2885 sigm.
1798 2816 1910 2872 merit.
1938 2833 2036 2882 439,

303 2899 411 2939 alias
436 2903 517 2940 557
546 2901 587 2940 in
615 2899 760 2940 Octavo
787 2901 1126 2942 membranaceus.
1166 2900 1480 2944 Characteribus
1500 2902 1781 2956 Lonyobardis
1804 2901 1930 2944 seculi
1950 2901 2035 2944 XI.

304 2973 476 3021 tmepore
500 2970 721 3011 Theobaldi
741 2970 911 3013 Abbatis
933 2971 1180 3013 casinensis.
1212 2972 1470 3013 Blcmoratur
1496 2974 1540 3014 in
1567 2972 1709 3014 Codice
1726 2975 1787 3014 28
1803 2985 1900 3026 pay.
1920 2974 2003 3015 585
2013 2971 2035 3014 ’.

426 3125 456 3153 11
484 3121 522 3154 ln
556 3120 787 3155 Bibliotheca
812 3120 1013 3155 Victoris
1047 3121 1307 3157 Emauuelis
1339 3122 1507 3157 Romana
1540 3123 1608 3157 sub
1639 3127 1761 3158 no.17
1797 3123 2036 3158 asservantur

305 3182 518 3224 excerpta
548 3192 591 3214 ex
618 3180 744 3215 codice
774 3180 1015 3225 Vaticano,
1043 3180 1181 3226 scripta
1207 3193 1319 3216 manu
1345 3182 1592 3218 Aemiliani
1619 3181 1752 3217 Sarti.

2212 3367 2232 3548 efflxh'n'ku
2228 3352 2232 3355 ,
2220 3335 2223 3337 v
2215 3247 2232 3323 unm
2214 3129 2232 3239 min
