2170 3522
819 174 1030 211 GLOSSAE
1058 176 1251 213 ABAVVS
1825 178 1911 221 353

167 282 390 325 Indultum
422 283 631 325 donatum
1057 286 1295 329 Infestatus
1328 288 1466 329 iratus
1930 302 1964 326 30

165 355 399 410 Induperat
430 355 669 411 imperator
1057 357 1247 399 Infestus
1287 358 1473 402 infessus
1507 360 1716 402 molestus
1749 361 1818 403 uel
1850 361 1911 402 in-

165 426 385 468 Industria
417 426 641 482 ingenium
1115 431 1241 470 tuens

165 497 470 539 Induuitanter
502 498 707 552 intrepite
1055 499 1218 542 Infidus
1258 500 1502 544 incredulus
1542 503 1633 545 sine
1671 504 1753 546 fide
1793 519 1909 549 men-,

131 578 147 602 5
166 569 390 611 Ineffabile
422 569 742 611 inermarrabile
1115 572 1197 613 dax

164 640 492 696 Inexpectatuin
524 641 796 696 inprouisum
1055 642 1234 685 Infimus
1267 644 1560 688 dehonoratus
1592 646 1766 689 infamis

164 712 443 768 Inexplorata
474 713 768 754 inexaminata
1055 714 1236 770 Infingit
1274 716 1408 772 tingit
1440 718 1509 759 uel
1543 719 1685 760 colore
1719 719 1909 760 inmutat

162 785 369 827 Inefficax
400 785 525 840 piger
556 785 670 826 iners
1055 785 1307 828 Infirmatur
1339 789 1558 831 decumbit

161 855 489 898 Ineluctuabilis
523 855 730 898 inbicillis
1055 856 1282 900 Infinitum
1312 859 1487 903 inmane

111 937 143 961 10
164 927 443 970 Inenodabile
477 928 592 982 quod
619 928 729 969 solui
755 943 842 970 non
868 931 1016 983 potest
1054 928 1158 971 Infit
1191 930 1307 972 fatus
1341 932 1446 974 dicit
1477 933 1546 974 uel
1580 933 1686 989 cipit

162 999 459 1042 Inenarrabile
509 1015 597 1041 non
645 1000 909 1041 narrandum
953 1000 1014 1041 in·
1054 1000 1252 1043 Inficiare
1287 1003 1514 1045 criminare
1547 1005 1615 1046 uel
1648 1020 1806 1061 negare

221 1071 400 1114 fandum
1054 1073 1225 1116 Infitiae
1259 1075 1478 1117 mendatia
1510 1077 1757 1132 negationis

161 1142 353 1199 Ineptias
387 1158 455 1186 res
487 1159 621 1185 uanas
1054 1145 1275 1188 Infitiatur
1316 1148 1505 1204 abnegat
1542 1148 1611 1189 uel
1652 1149 1908 1191 criminatur
1927 1163 1962 1186 40

161 1214 422 1257 Inerticulus
456 1215 662 1257 remissus
695 1216 910 1270 pessimus
1054 1217 1300 1260 Inflammat
1334 1219 1575 1275 conflagrat

158 1286 373 1328 Inhermis
406 1287 641 1330 destrictus
674 1288 789 1330 bello
1054 1289 1259 1332 Informis
1292 1291 1410 1332 ultra
1441 1291 1581 1333 forma

106 1367 138 1393 ¹5
158 1357 337 1414 Ineptus
382 1374 469 1401 non
514 1363 641 1415 aptus
684 1360 852 1402 inutilis
898 1360 1015 1402 inha-
1054 1361 1298 1418 Infringere
1331 1363 1553 1419 refragare

218 1432 319 1473 bilis
1053 1433 1282 1489 Ingenium
1336 1434 1543 1476 indicium
1601 1440 1907 1491 argumentum

157 1502 277 1546 Iners
311 1504 402 1546 sine
436 1507 528 1545 arte
560 1504 685 1560 piger
717 1504 919 1546 inefficax
1109 1505 1326 1549 industria

156 1574 429 1630 Inexplibilis
462 1576 724 1618 insatiabilis
1051 1577 1303 1634 Ingenitum
1335 1593 1423 1620 non
1453 1582 1606 1621 natum
1923 1595 1957 1618 ⁴15

155 1646 454 1689 Inexcusabile
486 1647 726 1690 inelitabile
1051 1649 1211 1705 Ingens
1244 1651 1427 1692 inormis

155 1717 346 1760 Infamat
373 1720 629 1762 criminatur
655 1720 786 1775 impie
813 1721 1010 1775 loquitur
1050 1721 1217 1778 Ingerit
1262 1723 1414 1764 statim
1459 1724 1597 1765 minat
1635 1724 1703 1766 1161
1746 1725 1906 1780 ingerit

103 1800 137 1825 20
155 1789 342 1832 Infamia
374 1791 615 1847 ignominia
1109 1794 1300 1836 tumulat

155 1861 374 1904 Infactum
405 1862 694 1918 inperfectum
1048 1864 1169 1921 Ingit
1203 1866 1417 1908 carminat
1447 1868 1602 1924 pangit

155 1933 336 1976 Infamis
371 1934 461 1976 sine
493 1935 656 1977 honore
1049 1935 1270 1993 Ingluuies
1304 1939 1408 1993 gula
1439 1940 1508 1981 1161
1541 1942 1771 1996 guttur-um

154 2004 384 2047 Infandum
416 2021 494 2048 nec
527 2007 756 2049 dicendum
1048 2007 1299 2064 Ingreditur
1330 2010 1492 2052 incedit
1923 2026 1957 2050 50

154 2076 302 2119 Infans
335 2078 502 2120 foetum
1048 2080 1322 2136 Ingraminat
1354 2082 1399 2124 in
1431 2083 1626 2139 gramine
1660 2084 1748 2126 ruit

100 2160 133 2185 -5
153 2148 346 2191 Infastus
380 2150 425 2191 in
456 2151 620 2194 honore
653 2153 823 2207 positus
1047 2151 1220 2208 Ingruit
1253 2155 1504 2208 superuenit
1537 2155 1605 2196 uel
1638 2155 1806 2197 inuadit

152 2220 322 2264 Infecta
337 2223 853 2278 corruptadissolutauel
869 2225 1008 2267 tincta
1046 2223 1219 2280 Ingruit
1260 2240 1358 2266 cum
1402 2227 1529 2268 torba
1573 2228 1694 2269 uenit
1739 2231 1782 2269 et
1826 2229 1902 2269 im·
1929 2238 1989 2269 842'

152 2293 352 2336 Infensus
404 2294 659 2337 manifestus
716 2297 886 2338 uicinus
938 2297 1008 2338 uel
1104 2299 1255 2352 petum
1282 2300 1521 2340 retractum
1548 2302 1614 2340 est
1642 2302 1787 2341 autem
1820 2301 1901 2342 hoc

211 2365 470 2421 inportunus
1106 2369 1314 2424 agruibus
1331 2370 1404 2424 qui
1425 2369 1553 2412 simul
1568 2372 1721 2413 uolant
1736 2372 1902 2414 dictum

152 2437 364 2480 Infaeriae
396 2439 586 2494 placatio
620 2439 858 2482 inferorum
1104 2440 1147 2482 id
1187 2444 1253 2482 est
1292 2456 1529 2498 congruere
1569 2443 1800 2485 conuenire
1834 2447 1901 2486 est

151 2508 337 2552 Inferior
363 2511 551 2553 deterior
571 2512 768 2554 infirmus
794 2513 916 2567 peius
938 2513 1006 2555 uel
1045 2510 1253 2554 Inherens
1286 2513 1474 2555 inditum

210 2596 404 2624 recessus
1044 2584 1192 2626 Inhiat
1225 2585 1407 2640 impedit
1439 2587 1507 2628 uel
1541 2586 1754 2630 incumbit
1919 2601 1953 2626 55

245 2692 277 2723 2.
303 2687 550 2733 Induperator
575 2691 708 2726 abcde
745 2692 756 2736 11
793 2694 826 2725 4.
852 2690 1116 2725 Indubitanter
1140 2692 1275 2726 abcde
1309 2694 1313 2736 ἰ
1354 2691 1541 2737 intrepide
1567 2694 1699 2729 abedo
1737 2695 1747 2739 Η
1786 2698 1816 2728 5.
1844 2692 1899 2728 in—

150 2746 359 2783 enarrabile
386 2749 518 2784 abcde
550 2750 560 2794 ΙΙ
594 2754 623 2784 9.
651 2749 910 2785 Ineluctabilis
938 2763 954 2786 e
977 2754 981 2796 Ι
1003 2750 1191 2786 inbeciHis
1218 2753 1296 2787 abc
1320 2754 1331 2798 ΙΙ
1365 2756 1419 2788 11.
1446 2764 1520 2787 11011
1544 2752 1789 2786 inari-andum
1814 2765 1864 2789 ac
1888 2753 1900 2800 Η

154 2811 206 2843 13.
232 2807 414 2843 Inerticus
441 2810 519 2844 abc
538 2811 549 2854 [Ι
571 2813 626 2844 14.
652 2809 806 2845 Inermis
834 2811 858 2846 d
881 2814 884 2856 Ι
908 2810 1101 2845 districtus
1128 2812 1185 2847 de.
1233 2811 1446 2846 destructus
1473 2824 1521 2848 ac
1539 2815 1550 2858 ΙΙ
1573 2816 1625 2848 17.
1653 2812 1895 2857 Inexplebilis

149 2867 196 2902 de
218 2868 223 2912 Ι
245 2866 434 2903 instabilis
461 2881 510 2904 (ιο
541 2871 551 2915 ΙΙ
585 2874 639 2905 18.
667 2870 888 2905 ineuitabile
915 2872 967 2906 bel
998 2874 1008 2917 ΙΙ
1040 2875 1094 2906 27.
1122 2870 1256 2906 uicinis
1283 2884 1332 2907 ac
1354 2875 1357 2916 1
1381 2871 1622 2917 inportunum
1648 2884 1697 2908 ac
1723 2875 1733 2919 ΙΙ
1763 2876 1818 2908 ⁶29.
1844 2872 1899 2907 in-

148 2926 274 2962 firmus
301 2928 464 2963 deterior
489 2931 623 2965 abcde
659 2932 670 2975 ΙΙ
708 2935 762 2967 34,
792 2931 954 2966 colorem
979 2932 1028 2967 de
1065 2934 1075 2978 ΙΙ
1113 2936 1169 2967 37.
1196 2931 1331 2977 incipit
1356 2933 1404 2967 de
1436 2934 1446 2977 ΙΙ
1484 2936 1539 2967 38.
1567 2931 1732 2967 Infitiare
1758 2934 1864 2968 aede
1892 2934 1895 2980 Ι

149 2985 339 3023 criminari
364 3000 408 3024 ex
434 3000 524 3024 corr.
553 2990 577 3024 d
596 2991 606 3034 ΙΙ
627 2994 682 3025 39.
709 2990 908 3026 mendacia
935 2992 981 3027 bc
1002 2994 1006 3036 1
1029 2991 1290 3036 generationes
1317 3004 1376 3028 ac.
1418 2991 1637 3037 negationes
1665 2993 1710 3027 be
1729 2994 1740 3037 ΙΙ
1761 2996 1816 3028 45.
1843 2992 1898 3027 in-

148 3047 279 3081 natum
305 3049 436 3084 abcde
456 3051 467 3095 Η
487 3052 541 3084 46,
565 3049 724 3085 enormis
753 3052 890 3087 abcde
909 3054 920 3097 11
941 3056 997 3087 49.
1018 3052 1204 3088 Incluuies
1231 3064 1280 3088 ac
1302 3053 1307 3099 l
1329 3052 1441 3097 gulae
1467 3053 1598 3096 guttur
1622 3053 1670 3087 de
1690 3054 1701 3098 ΙΙ
1721 3055 1776 3087 51.
1797 3052 1899 3097 rupit

149 3107 281 3143 abcde
307 3109 318 3152 ΙῙ
344 3114 399 3144 53.
426 3108 554 3153 Inguit
579 3121 627 3145 ac
650 3111 654 3155 Ι
676 3110 787 3145 turba
814 3113 949 3147 abcde
972 3118 975 3156 Ι
998 3111 1142 3157 impetu
1167 3114 1215 3148 de
1238 3115 1242 3159 Ι
1272 3124 1368 3157 quae
1394 3113 1448 3148 vel
1474 3123 1545 3156 que
1572 3113 1705 3148 abcde
1727 3114 1734 3158 ί
1756 3112 1897 3148 dictum

148 3177 215 3201 om.
242 3163 374 3203 abcde
394 3169 406 3213 ΙΙ

220 3233 306 3265 Corp.
327 3235 416 3265 gloss.
437 3236 489 3261 lat.
510 3238 580 3262 tom.
601 3237 652 3262 IV.
1566 3237 1610 3267 23
