<?xml version="1.0" encoding="UTF-8"?>
<!DOCTYPE html PUBLIC "-//W3C//DTD XHTML 1.0 Transitional//EN"
    "http://www.w3.org/TR/xhtml1/DTD/xhtml1-transitional.dtd">
<html xmlns="http://www.w3.org/1999/xhtml" xml:lang="en" lang="en">
 <head>
  <title>
</title>
<meta http-equiv="Content-Type" content="text/html;charset=utf-8" />
  <meta name='ocr-system' content='tesseract 3.04.00' />
  <meta name='ocr-capabilities' content='ocr_page ocr_carea ocr_par ocr_line ocrx_word'/>
</head>
<body>
  <div class='ocr_page' id='page_1' title='image "./corpusglossarior04linduoft_0020.png"; bbox 0 0 2232 3548; ppageno 0'>
   <div class='ocr_carea' id='block_1_1' title="bbox 343 200 1352 239">
    <p class='ocr_par' dir='ltr' id='par_1_1' title="bbox 343 200 1352 239">
     <span class='ocr_line' id='line_1_1' title="bbox 343 200 1352 239; baseline -0.004 0"><span class='ocrx_word' id='word_1_1' title='bbox 343 205 390 239; x_wconf 85' lang='lat' dir='ltr'>XI</span> <span class='ocrx_word' id='word_1_2' title='bbox 399 205 424 238; x_wconf 74' lang='lat' dir='ltr'>V</span> <span class='ocrx_word' id='word_1_3' title='bbox 1081 200 1352 236; x_wconf 82' lang='lat' dir='ltr'><strong>PRAEFATIO</strong></span> 
     </span>
    </p>
   </div>
   <div class='ocr_carea' id='block_1_2' title="bbox 330 310 2091 3222">
    <p class='ocr_par' dir='ltr' id='par_1_2' title="bbox 342 310 2091 509">
     <span class='ocr_line' id='line_1_2' title="bbox 342 310 2090 367; baseline -0.001 -13"><span class='ocrx_word' id='word_1_4' title='bbox 342 313 617 367; x_wconf 70' lang='lat' dir='ltr'>transcripsit</span> <span class='ocrx_word' id='word_1_5' title='bbox 652 312 1100 354; x_wconf 86' lang='lat' dir='ltr'>Gundermannus:</span> <span class='ocrx_word' id='word_1_6' title='bbox 1139 311 1260 352; x_wconf 88' lang='lat' dir='ltr'>nolui</span> <span class='ocrx_word' id='word_1_7' title='bbox 1300 313 1446 352; x_wconf 89' lang='lat' dir='ltr'>tamen</span> <span class='ocrx_word' id='word_1_8' title='bbox 1479 310 1720 364; x_wconf 86' lang='lat' dir='ltr'>scripturae</span> <span class='ocrx_word' id='word_1_9' title='bbox 1753 311 2090 366; x_wconf 70' lang='lat' dir='ltr'>discrepantiam</span> 
     </span>
     <span class='ocr_line' id='line_1_3' title="bbox 345 381 2091 438; baseline -0.001 -13"><span class='ocrx_word' id='word_1_10' title='bbox 345 385 572 438; x_wconf 78' lang='lat' dir='ltr'>apparatui</span> <span class='ocrx_word' id='word_1_11' title='bbox 602 385 800 438; x_wconf 77' lang='lat' dir='ltr'>inserere,</span> <span class='ocrx_word' id='word_1_12' title='bbox 834 397 931 424; x_wconf 88' lang='lat' dir='ltr'>eum</span> <span class='ocrx_word' id='word_1_13' title='bbox 958 381 1067 422; x_wconf 89' lang='lat' dir='ltr'>mihi</span> <span class='ocrx_word' id='word_1_14' title='bbox 1092 382 1405 436; x_wconf 84' lang='lat' dir='ltr'>persuasissem</span> <span class='ocrx_word' id='word_1_15' title='bbox 1432 381 1670 422; x_wconf 69' lang='lat' dir='ltr'>utilitatem</span> <span class='ocrx_word' id='word_1_16' title='bbox 1696 382 1794 423; x_wconf 88' lang='lat' dir='ltr'>inde</span> <span class='ocrx_word' id='word_1_17' title='bbox 1822 386 1897 424; x_wconf 88' lang='lat' dir='ltr'>aut</span> <span class='ocrx_word' id='word_1_18' title='bbox 1925 383 2091 424; x_wconf 88' lang='lat' dir='ltr'>nullam</span> 
     </span>
     <span class='ocr_line' id='line_1_4' title="bbox 344 452 1561 509; baseline -0.002 -13"><span class='ocrx_word' id='word_1_19' title='bbox 344 459 419 496; x_wconf 86' lang='lat' dir='ltr'>aut</span> <span class='ocrx_word' id='word_1_20' title='bbox 453 470 705 509; x_wconf 75' lang='lat' dir='ltr'>perparvam</span> <span class='ocrx_word' id='word_1_21' title='bbox 739 454 832 508; x_wconf 82' lang='lat' dir='ltr'>capi</span> <span class='ocrx_word' id='word_1_22' title='bbox 867 467 1005 507; x_wconf 83' lang='lat' dir='ltr'>posse,</span> <span class='ocrx_word' id='word_1_23' title='bbox 1037 452 1284 494; x_wconf 81' lang='lat' dir='ltr'>molestiam</span> <span class='ocrx_word' id='word_1_24' title='bbox 1316 452 1561 506; x_wconf 82' lang='lat' dir='ltr'>plurimam.</span> 
     </span>
    </p>

    <p class='ocr_par' dir='ltr' id='par_1_3' title="bbox 332 523 2091 1853">
     <span class='ocr_line' id='line_1_5' title="bbox 458 523 2091 579; baseline 0.001 -14"><span class='ocrx_word' id='word_1_25' title='bbox 458 531 482 577; x_wconf 52' lang='grc' dir='ltr'>,ξ</span> <span class='ocrx_word' id='word_1_26' title='bbox 516 530 553 566; x_wconf 65' lang='lat' dir='ltr'>Sl.</span> <span class='ocrx_word' id='word_1_27' title='bbox 607 523 908 567; x_wconf 65' lang='lat' dir='ltr'>‘Abstrusa&#39;</span> <span class='ocrx_word' id='word_1_28' title='bbox 944 524 1114 579; x_wconf 75' lang='lat' dir='ltr'>glossae</span> <span class='ocrx_word' id='word_1_29' title='bbox 1148 523 1280 565; x_wconf 84' lang='lat' dir='ltr'>etiam</span> <span class='ocrx_word' id='word_1_30' title='bbox 1313 524 1358 565; x_wconf 90' lang='lat' dir='ltr'>in</span> <span class='ocrx_word' id='word_1_31' title='bbox 1389 523 1581 565; x_wconf 88' lang='lat' dir='ltr'>librum</span> <span class='ocrx_word' id='word_1_32' title='bbox 1621 523 1916 579; x_wconf 87' lang='lat' dir='ltr'>glossarum</span> <span class='ocrx_word' id='word_1_33' title='bbox 1955 527 2091 567; x_wconf 82' lang='lat' dir='ltr'>trans—</span> 
     </span>
     <span class='ocr_line' id='line_1_6' title="bbox 342 594 2090 650; baseline -0.001 -12"><span class='ocrx_word' id='word_1_34' title='bbox 342 598 484 639; x_wconf 78' lang='lat' dir='ltr'>ierunt</span> <span class='ocrx_word' id='word_1_35' title='bbox 521 612 607 638; x_wconf 77' lang='lat' dir='ltr'>non</span> <span class='ocrx_word' id='word_1_36' title='bbox 647 595 965 638; x_wconf 79' lang='lat' dir='ltr'>contaminatae</span> <span class='ocrx_word' id='word_1_37' title='bbox 1005 609 1102 636; x_wconf 88' lang='lat' dir='ltr'>cum</span> <span class='ocrx_word' id='word_1_38' title='bbox 1143 594 1279 636; x_wconf 88' lang='lat' dir='ltr'>altero</span> <span class='ocrx_word' id='word_1_39' title='bbox 1320 595 1551 650; x_wconf 87' lang='lat' dir='ltr'>glossario,</span> <span class='ocrx_word' id='word_1_40' title='bbox 1590 597 1639 636; x_wconf 91' lang='lat' dir='ltr'>ut</span> <span class='ocrx_word' id='word_1_41' title='bbox 1677 610 1728 636; x_wconf 82' lang='lat' dir='ltr'>ex</span> <span class='ocrx_word' id='word_1_42' title='bbox 1766 595 1997 638; x_wconf 87' lang='lat' dir='ltr'>collatione</span> <span class='ocrx_word' id='word_1_43' title='bbox 2028 595 2090 637; x_wconf 90' lang='lat' dir='ltr'>in-</span> 
     </span>
     <span class='ocr_line' id='line_1_7' title="bbox 340 664 2090 722; baseline -0.001 -13"><span class='ocrx_word' id='word_1_44' title='bbox 340 669 496 709; x_wconf 85' lang='lat' dir='ltr'>stituta</span> <span class='ocrx_word' id='word_1_45' title='bbox 529 668 652 710; x_wconf 81' lang='lat' dir='ltr'>facile</span> <span class='ocrx_word' id='word_1_46' title='bbox 687 667 897 721; x_wconf 85' lang='lat' dir='ltr'>apparuit.</span> <span class='ocrx_word' id='word_1_47' title='bbox 947 664 1073 714; x_wconf 78' lang='lat' dir='ltr'>Quali</span> <span class='ocrx_word' id='word_1_48' title='bbox 1106 680 1209 707; x_wconf 90' lang='lat' dir='ltr'>usus</span> <span class='ocrx_word' id='word_1_49' title='bbox 1244 666 1301 706; x_wconf 89' lang='lat' dir='ltr'>sit</span> <span class='ocrx_word' id='word_1_50' title='bbox 1335 665 1408 720; x_wconf 84' lang='lat' dir='ltr'>qui</span> <span class='ocrx_word' id='word_1_51' title='bbox 1441 666 1601 707; x_wconf 87' lang='lat' dir='ltr'>librum</span> <span class='ocrx_word' id='word_1_52' title='bbox 1629 666 1876 722; x_wconf 87' lang='lat' dir='ltr'>glossarum</span> <span class='ocrx_word' id='word_1_53' title='bbox 1903 666 2090 709; x_wconf 82' lang='lat' dir='ltr'>confecit</span> 
     </span>
     <span class='ocr_line' id='line_1_8' title="bbox 341 737 2089 793; baseline -0.001 -12"><span class='ocrx_word' id='word_1_54' title='bbox 341 739 573 793; x_wconf 80' lang='lat' dir='ltr'>exemplari</span> <span class='ocrx_word' id='word_1_55' title='bbox 601 742 648 780; x_wconf 87' lang='lat' dir='ltr'>ut</span> <span class='ocrx_word' id='word_1_56' title='bbox 676 740 894 793; x_wconf 71' lang='lat' dir='ltr'>appareat,</span> <span class='ocrx_word' id='word_1_57' title='bbox 922 737 1094 779; x_wconf 80' lang='lat' dir='ltr'>litterae</span> <span class='ocrx_word' id='word_1_58' title='bbox 1116 737 1155 778; x_wconf 82' lang='lat' dir='ltr'>K</span> <span class='ocrx_word' id='word_1_59' title='bbox 1183 737 1354 792; x_wconf 78' lang='lat' dir='ltr'>glossas</span> <span class='ocrx_word' id='word_1_60' title='bbox 1382 751 1491 791; x_wconf 87' lang='lat' dir='ltr'>quae</span> <span class='ocrx_word' id='word_1_61' title='bbox 1517 737 1602 779; x_wconf 87' lang='lat' dir='ltr'>hue</span> <span class='ocrx_word' id='word_1_62' title='bbox 1629 741 1829 793; x_wconf 86' lang='lat' dir='ltr'>spectant</span> <span class='ocrx_word' id='word_1_63' title='bbox 1849 753 1900 780; x_wconf 89' lang='lat' dir='ltr'>ex</span> <span class='ocrx_word' id='word_1_64' title='bbox 1921 737 2089 793; x_wconf 78' lang='lat' dir='ltr'>optimo</span> 
     </span>
     <span class='ocr_line' id='line_1_9' title="bbox 339 808 2089 865; baseline 0 -14"><span class='ocrx_word' id='word_1_65' title='bbox 339 811 449 851; x_wconf 81' lang='lat' dir='ltr'>libro</span> <span class='ocrx_word' id='word_1_66' title='bbox 473 809 907 865; x_wconf 73' lang='lat' dir='ltr'>Sangcrmanensi</span> <span class='ocrx_word' id='word_1_67' title='bbox 932 811 994 850; x_wconf 58' lang='lat'>1⁵).</span> <span class='ocrx_word' id='word_1_68' title='bbox 1020 809 1395 850; x_wconf 77' lang='lat' dir='ltr'>13=Parisino</span> <span class='ocrx_word' id='word_1_69' title='bbox 1416 808 1502 850; x_wconf 87' lang='lat' dir='ltr'>lat.</span> <span class='ocrx_word' id='word_1_70' title='bbox 1521 810 1676 851; x_wconf 73' lang='grc'><strong>11529.</strong></span> <span class='ocrx_word' id='word_1_71' title='bbox 1696 811 1840 852; x_wconf 77' lang='grc'><strong>11530</strong></span> <span class='ocrx_word' id='word_1_72' title='bbox 1856 825 1963 852; x_wconf 85' lang='lat' dir='ltr'>saec.</span> <span class='ocrx_word' id='word_1_73' title='bbox 1978 809 2089 852; x_wconf 87' lang='lat' dir='ltr'>VIII</span> 
     </span>
     <span class='ocr_line' id='line_1_10' title="bbox 339 879 2088 936; baseline -0.001 -13"><span class='ocrx_word' id='word_1_74' title='bbox 339 882 572 923; x_wconf 78' lang='lat' dir='ltr'>secundum</span> <span class='ocrx_word' id='word_1_75' title='bbox 608 880 997 922; x_wconf 74' lang='lat' dir='ltr'>Gundermanni</span> <span class='ocrx_word' id='word_1_76' title='bbox 1031 880 1316 936; x_wconf 81' lang='lat' dir='ltr'>apographon</span> <span class='ocrx_word' id='word_1_77' title='bbox 1349 879 1611 922; x_wconf 84' lang='lat' dir='ltr'>exscribam:</span> <span class='ocrx_word' id='word_1_78' title='bbox 1644 882 1857 924; x_wconf 79' lang='lat' dir='ltr'>Kadentia</span> <span class='ocrx_word' id='word_1_79' title='bbox 1881 882 2088 936; x_wconf 71' lang='lat' dir='ltr'>conlapsa,</span> 
     </span>
     <span class='ocr_line' id='line_1_11' title="bbox 337 952 2088 1008; baseline 0.001 -15"><span class='ocrx_word' id='word_1_80' title='bbox 337 953 501 994; x_wconf 73' lang='lat' dir='ltr'>Kadere</span> <span class='ocrx_word' id='word_1_81' title='bbox 526 954 694 995; x_wconf 78' lang='lat' dir='ltr'>cedendo</span> <span class='ocrx_word' id='word_1_82' title='bbox 712 952 915 1007; x_wconf 74' lang='lat' dir='ltr'>proferre,</span> <span class='ocrx_word' id='word_1_83' title='bbox 948 952 1113 994; x_wconf 77' lang='lat' dir='ltr'>Kadere</span> <span class='ocrx_word' id='word_1_84' title='bbox 1136 952 1261 1005; x_wconf 72' lang='lat' dir='ltr'>fluere</span> <span class='ocrx_word' id='word_1_85' title='bbox 1286 952 1351 993; x_wconf 78' lang='grc' dir='ltr'>11οΖ</span> <span class='ocrx_word' id='word_1_86' title='bbox 1375 952 1550 1008; x_wconf 74' lang='lat' dir='ltr'>deficere,</span> <span class='ocrx_word' id='word_1_87' title='bbox 1582 953 1674 994; x_wconf 49' lang='lat' dir='ltr'>Kar·</span> <span class='ocrx_word' id='word_1_88' title='bbox 1697 953 1867 1007; x_wconf 74' lang='lat' dir='ltr'>lcaneeli,</span> <span class='ocrx_word' id='word_1_89' title='bbox 1893 953 2088 995; x_wconf 78' lang='lat' dir='ltr'>Kalibein</span> 
     </span>
     <span class='ocr_line' id='line_1_12' title="bbox 333 1024 2089 1078; baseline 0.001 -14"><span class='ocrx_word' id='word_1_90' title='bbox 333 1025 510 1077; x_wconf 71' lang='lat' dir='ltr'>serrum,</span> <span class='ocrx_word' id='word_1_91' title='bbox 549 1024 751 1077; x_wconf 65' lang='lat' dir='ltr'>Kalimiio</span> <span class='ocrx_word' id='word_1_92' title='bbox 788 1038 873 1065; x_wconf 71' lang='grc'><strong>111111</strong></span> <span class='ocrx_word' id='word_1_93' title='bbox 914 1038 961 1065; x_wconf 72' lang='lat' dir='ltr'>ex</span> <span class='ocrx_word' id='word_1_94' title='bbox 998 1037 1143 1064; x_wconf 75' lang='lat' dir='ltr'>nouem</span> <span class='ocrx_word' id='word_1_95' title='bbox 1181 1024 1327 1078; x_wconf 76' lang='lat' dir='ltr'>musis,</span> <span class='ocrx_word' id='word_1_96' title='bbox 1366 1024 1551 1066; x_wconf 72' lang='lat' dir='ltr'>Kalones</span> <span class='ocrx_word' id='word_1_97' title='bbox 1583 1024 1709 1078; x_wconf 71' lang='lat' dir='ltr'>gscdlie</span> <span class='ocrx_word' id='word_1_98' title='bbox 1747 1025 1946 1076; x_wconf 76' lang='lat' dir='ltr'>militnm,</span> <span class='ocrx_word' id='word_1_99' title='bbox 1983 1024 2089 1066; x_wconf 78' lang='lat' dir='ltr'>Kal-</span> 
     </span>
     <span class='ocr_line' id='line_1_13' title="bbox 337 1095 2086 1151; baseline 0.001 -15"><span class='ocrx_word' id='word_1_100' title='bbox 337 1095 467 1136; x_wconf 76' lang='lat' dir='ltr'>tzdmn</span> <span class='ocrx_word' id='word_1_101' title='bbox 494 1096 536 1136; x_wconf 82' lang='lat' dir='ltr'>in</span> <span class='ocrx_word' id='word_1_102' title='bbox 565 1109 642 1148; x_wconf 72' lang='lat' dir='ltr'>quo</span> <span class='ocrx_word' id='word_1_103' title='bbox 668 1095 821 1136; x_wconf 73' lang='lat' dir='ltr'>mortni</span> <span class='ocrx_word' id='word_1_104' title='bbox 840 1095 1079 1146; x_wconf 70' lang='lat' dir='ltr'>deferuntur</span> <span class='ocrx_word' id='word_1_105' title='bbox 1098 1095 1162 1136; x_wconf 69' lang='lat' dir='ltr'>uel</span> <span class='ocrx_word' id='word_1_106' title='bbox 1181 1096 1372 1137; x_wconf 68' lang='lat' dir='ltr'>uestitum</span> <span class='ocrx_word' id='word_1_107' title='bbox 1393 1096 1587 1137; x_wconf 76' lang='lat' dir='ltr'>detritwn</span> <span class='ocrx_word' id='word_1_108' title='bbox 1606 1110 1676 1138; x_wconf 79' lang='grc'><strong>8011</strong></span> <span class='ocrx_word' id='word_1_109' title='bbox 1697 1097 1878 1151; x_wconf 71' lang='lat' dir='ltr'>linteum,</span> <span class='ocrx_word' id='word_1_110' title='bbox 1900 1096 2086 1138; x_wconf 77' lang='lat' dir='ltr'>Kamene</span> 
     </span>
     <span class='ocr_line' id='line_1_14' title="bbox 335 1166 2086 1223; baseline 0.001 -15"><span class='ocrx_word' id='word_1_111' title='bbox 335 1181 458 1220; x_wconf 73' lang='grc'><strong>1111130,</strong></span> <span class='ocrx_word' id='word_1_112' title='bbox 491 1167 620 1208; x_wconf 74' lang='lat' dir='ltr'>Kana</span> <span class='ocrx_word' id='word_1_113' title='bbox 651 1167 750 1220; x_wconf 72' lang='lat' dir='ltr'>fides</span> <span class='ocrx_word' id='word_1_114' title='bbox 776 1168 949 1220; x_wconf 47' lang='lat' dir='ltr'>antiqua</span> <span class='ocrx_word' id='word_1_115' title='bbox 974 1167 1087 1220; x_wconf 70' lang='lat' dir='ltr'>fides,</span> <span class='ocrx_word' id='word_1_116' title='bbox 1119 1166 1306 1209; x_wconf 77' lang='lat' dir='ltr'>Kaniser</span> <span class='ocrx_word' id='word_1_117' title='bbox 1330 1182 1461 1223; x_wconf 73' lang='lat' dir='ltr'>senex,</span> <span class='ocrx_word' id='word_1_118' title='bbox 1493 1168 1611 1210; x_wconf 78' lang='lat' dir='ltr'>Kaos</span> <span class='ocrx_word' id='word_1_119' title='bbox 1634 1169 1775 1222; x_wconf 76' lang='lat' dir='ltr'>prima</span> <span class='ocrx_word' id='word_1_120' title='bbox 1800 1168 2086 1210; x_wconf 77' lang='lat' dir='ltr'>elementorum</span> 
     </span>
     <span class='ocr_line' id='line_1_15' title="bbox 338 1238 2084 1293; baseline 0.001 -13"><span class='ocrx_word' id='word_1_121' title='bbox 338 1240 520 1291; x_wconf 71' lang='lat' dir='ltr'>confusio</span> <span class='ocrx_word' id='word_1_122' title='bbox 552 1239 616 1280; x_wconf 74' lang='lat' dir='ltr'>nel</span> <span class='ocrx_word' id='word_1_123' title='bbox 647 1239 803 1291; x_wconf 79' lang='lat' dir='ltr'>inferni</span> <span class='ocrx_word' id='word_1_124' title='bbox 834 1238 1043 1291; x_wconf 75' lang='lat' dir='ltr'>interiora,</span> <span class='ocrx_word' id='word_1_125' title='bbox 1076 1238 1399 1293; x_wconf 71' lang='lat' dir='ltr'>Kapadinarius</span> <span class='ocrx_word' id='word_1_126' title='bbox 1431 1239 1719 1290; x_wconf 62' lang='grc'><strong>11011111116111113,</strong></span> <span class='ocrx_word' id='word_1_127' title='bbox 1751 1239 1910 1293; x_wconf 72' lang='lat' dir='ltr'>Kapax</span> <span class='ocrx_word' id='word_1_128' title='bbox 1938 1253 2084 1281; x_wconf 83' lang='lat' dir='ltr'>memo-</span> 
     </span>
     <span class='ocr_line' id='line_1_16' title="bbox 336 1310 2089 1365; baseline 0.001 -15"><span class='ocrx_word' id='word_1_129' title='bbox 336 1311 481 1365; x_wconf 71' lang='lat' dir='ltr'>riosus,</span> <span class='ocrx_word' id='word_1_130' title='bbox 513 1311 745 1364; x_wconf 72' lang='lat' dir='ltr'>Kapesseri</span> <span class='ocrx_word' id='word_1_131' title='bbox 777 1311 965 1365; x_wconf 71' lang='lat' dir='ltr'>incipias,</span> <span class='ocrx_word' id='word_1_132' title='bbox 994 1310 1254 1353; x_wconf 71' lang='lat' dir='ltr'>Karinantes</span> <span class='ocrx_word' id='word_1_133' title='bbox 1280 1311 1507 1353; x_wconf 74' lang='lat' dir='ltr'>inludentes</span> <span class='ocrx_word' id='word_1_134' title='bbox 1532 1311 1598 1352; x_wconf 72' lang='lat' dir='ltr'>nel</span> <span class='ocrx_word' id='word_1_135' title='bbox 1623 1311 1856 1362; x_wconf 70' lang='lat' dir='ltr'>inridentes,</span> <span class='ocrx_word' id='word_1_136' title='bbox 1887 1311 2089 1353; x_wconf 76' lang='lat' dir='ltr'>Karistea</span> 
     </span>
     <span class='ocr_line' id='line_1_17' title="bbox 336 1381 2084 1438; baseline 0.001 -15"><span class='ocrx_word' id='word_1_137' title='bbox 336 1383 421 1423; x_wconf 78' lang='lat' dir='ltr'>dies</span> <span class='ocrx_word' id='word_1_138' title='bbox 449 1383 572 1434; x_wconf 69' lang='lat' dir='ltr'>festos</span> <span class='ocrx_word' id='word_1_139' title='bbox 606 1383 709 1423; x_wconf 69' lang='lat' dir='ltr'>inter</span> <span class='ocrx_word' id='word_1_140' title='bbox 737 1385 935 1436; x_wconf 65' lang='lat' dir='ltr'>eoqnaios,</span> <span class='ocrx_word' id='word_1_141' title='bbox 969 1381 1238 1424; x_wconf 74' lang='lat' dir='ltr'>Kassienlmn</span> <span class='ocrx_word' id='word_1_142' title='bbox 1267 1383 1492 1433; x_wconf 70' lang='lat' dir='ltr'>reticulum,</span> <span class='ocrx_word' id='word_1_143' title='bbox 1525 1382 1670 1424; x_wconf 72' lang='lat' dir='ltr'>Kasus</span> <span class='ocrx_word' id='word_1_144' title='bbox 1692 1382 1867 1435; x_wconf 65' lang='lat' dir='ltr'>fortuita</span> <span class='ocrx_word' id='word_1_145' title='bbox 1885 1383 2084 1438; x_wconf 76' lang='lat' dir='ltr'>pericula,</span> 
     </span>
     <span class='ocr_line' id='line_1_18' title="bbox 334 1453 2086 1510; baseline 0.001 -16"><span class='ocrx_word' id='word_1_146' title='bbox 334 1453 561 1495; x_wconf 53' lang='lat' dir='ltr'>Kana-nas</span> <span class='ocrx_word' id='word_1_147' title='bbox 598 1467 800 1495; x_wconf 63' lang='lat' dir='ltr'>concanae</span> <span class='ocrx_word' id='word_1_148' title='bbox 830 1456 982 1507; x_wconf 72' lang='lat' dir='ltr'>petras.</span> <span class='ocrx_word' id='word_1_149' title='bbox 1047 1453 1163 1502; x_wconf 79' lang='lat' dir='ltr'>Quas</span> <span class='ocrx_word' id='word_1_150' title='bbox 1204 1454 1277 1509; x_wconf 89' lang='lat' dir='ltr'>qui</span> <span class='ocrx_word' id='word_1_151' title='bbox 1316 1453 1550 1496; x_wconf 88' lang='lat' dir='ltr'>contulerit</span> <span class='ocrx_word' id='word_1_152' title='bbox 1589 1469 1687 1495; x_wconf 87' lang='lat' dir='ltr'>cum</span> <span class='ocrx_word' id='word_1_153' title='bbox 1724 1469 1763 1508; x_wconf 87' lang='lat' dir='ltr'>p.</span> <span class='ocrx_word' id='word_1_154' title='bbox 1794 1454 1878 1496; x_wconf 77' lang='lat'>102</span> <span class='ocrx_word' id='word_1_155' title='bbox 1911 1457 1955 1496; x_wconf 87' lang='lat' dir='ltr'>et</span> <span class='ocrx_word' id='word_1_156' title='bbox 1991 1454 2086 1510; x_wconf 87' lang='lat'>103,</span> 
     </span>
     <span class='ocr_line' id='line_1_19' title="bbox 334 1524 2087 1582; baseline 0.001 -16"><span class='ocrx_word' id='word_1_157' title='bbox 334 1540 464 1567; x_wconf 90' lang='lat' dir='ltr'>unam</span> <span class='ocrx_word' id='word_1_158' title='bbox 491 1526 683 1581; x_wconf 79' lang='lat' dir='ltr'>glossam</span> <span class='ocrx_word' id='word_1_159' title='bbox 703 1524 936 1578; x_wconf 75' lang='lat' dir='ltr'>(Karmina</span> <span class='ocrx_word' id='word_1_160' title='bbox 964 1525 1092 1580; x_wconf 66' lang='lat' dir='ltr'>(licia)</span> <span class='ocrx_word' id='word_1_161' title='bbox 1119 1525 1164 1566; x_wconf 88' lang='lat' dir='ltr'>in</span> <span class='ocrx_word' id='word_1_162' title='bbox 1189 1526 1303 1567; x_wconf 90' lang='lat' dir='ltr'>libro</span> <span class='ocrx_word' id='word_1_163' title='bbox 1325 1526 1571 1582; x_wconf 87' lang='lat' dir='ltr'>glossarum</span> <span class='ocrx_word' id='word_1_164' title='bbox 1593 1525 1876 1581; x_wconf 69' lang='lat' dir='ltr'>desiderabit,</span> <span class='ocrx_word' id='word_1_165' title='bbox 1902 1525 2087 1580; x_wconf 86' lang='lat' dir='ltr'>reliqua-</span> 
     </span>
     <span class='ocr_line' id='line_1_20' title="bbox 336 1596 2084 1653; baseline 0.001 -16"><span class='ocrx_word' id='word_1_166' title='bbox 336 1612 432 1637; x_wconf 88' lang='lat' dir='ltr'>rum</span> <span class='ocrx_word' id='word_1_167' title='bbox 465 1612 633 1638; x_wconf 87' lang='lat' dir='ltr'>summa</span> <span class='ocrx_word' id='word_1_168' title='bbox 660 1599 726 1637; x_wconf 87' lang='lat' dir='ltr'>est</span> <span class='ocrx_word' id='word_1_169' title='bbox 753 1596 991 1648; x_wconf 86' lang='lat' dir='ltr'>consensio,</span> <span class='ocrx_word' id='word_1_170' title='bbox 1018 1596 1081 1637; x_wconf 85' lang='lat' dir='ltr'>ita</span> <span class='ocrx_word' id='word_1_171' title='bbox 1107 1599 1264 1652; x_wconf 88' lang='lat' dir='ltr'>tamen,</span> <span class='ocrx_word' id='word_1_172' title='bbox 1291 1601 1340 1638; x_wconf 90' lang='lat' dir='ltr'>ut</span> <span class='ocrx_word' id='word_1_173' title='bbox 1366 1597 1506 1653; x_wconf 87' lang='lat' dir='ltr'>magis</span> <span class='ocrx_word' id='word_1_174' title='bbox 1535 1597 1587 1638; x_wconf 89' lang='lat' dir='ltr'>ad</span> <span class='ocrx_word' id='word_1_175' title='bbox 1615 1596 1977 1639; x_wconf 85' lang='lat' dir='ltr'>Cassinensem</span> <span class='ocrx_word' id='word_1_176' title='bbox 1998 1597 2084 1639; x_wconf 77' lang='lat'>439</span> 
     </span>
     <span class='ocr_line' id='line_1_21' title="bbox 335 1667 2084 1724; baseline 0 -14"><span class='ocrx_word' id='word_1_177' title='bbox 335 1669 509 1710; x_wconf 84' lang='lat' dir='ltr'>accedat</span> <span class='ocrx_word' id='word_1_178' title='bbox 531 1684 656 1723; x_wconf 81' lang='lat' dir='ltr'>quam</span> <span class='ocrx_word' id='word_1_179' title='bbox 686 1668 738 1709; x_wconf 89' lang='lat' dir='ltr'>ad</span> <span class='ocrx_word' id='word_1_180' title='bbox 759 1667 1074 1709; x_wconf 88' lang='lat' dir='ltr'>Vaticanum</span> <span class='ocrx_word' id='word_1_181' title='bbox 1096 1669 1206 1710; x_wconf 73' lang='lat'>3321</span> <span class='ocrx_word' id='word_1_182' title='bbox 1238 1669 1339 1710; x_wconf 85' lang='lat' dir='ltr'>libri</span> <span class='ocrx_word' id='word_1_183' title='bbox 1361 1669 1609 1724; x_wconf 88' lang='lat' dir='ltr'>glossarum</span> <span class='ocrx_word' id='word_1_184' title='bbox 1629 1668 1850 1710; x_wconf 85' lang='lat' dir='ltr'>memoria.</span> <span class='ocrx_word' id='word_1_185' title='bbox 1882 1668 1951 1710; x_wconf 84' lang='lat' dir='ltr'>Ex</span> <span class='ocrx_word' id='word_1_186' title='bbox 1971 1668 2084 1710; x_wconf 89' lang='lat' dir='ltr'>libro</span> 
     </span>
     <span class='ocr_line' id='line_1_22' title="bbox 334 1739 2084 1795; baseline 0 -14"><span class='ocrx_word' id='word_1_187' title='bbox 334 1741 578 1795; x_wconf 86' lang='lat' dir='ltr'>glossarum</span> <span class='ocrx_word' id='word_1_188' title='bbox 600 1740 773 1781; x_wconf 84' lang='lat' dir='ltr'>eaedem</span> <span class='ocrx_word' id='word_1_189' title='bbox 800 1739 971 1795; x_wconf 79' lang='lat' dir='ltr'>glossae</span> <span class='ocrx_word' id='word_1_190' title='bbox 999 1739 1044 1780; x_wconf 93' lang='lat' dir='ltr'>in</span> <span class='ocrx_word' id='word_1_191' title='bbox 1070 1739 1154 1781; x_wconf 90' lang='lat' dir='ltr'>alia</span> <span class='ocrx_word' id='word_1_192' title='bbox 1176 1740 1431 1795; x_wconf 85' lang='lat' dir='ltr'>compendia</span> <span class='ocrx_word' id='word_1_193' title='bbox 1451 1740 1731 1795; x_wconf 88' lang='lat' dir='ltr'>transierunt,</span> <span class='ocrx_word' id='word_1_194' title='bbox 1759 1754 1867 1795; x_wconf 87' lang='lat' dir='ltr'>quae</span> <span class='ocrx_word' id='word_1_195' title='bbox 1889 1754 1937 1781; x_wconf 86' lang='lat' dir='ltr'>ex</span> <span class='ocrx_word' id='word_1_196' title='bbox 1959 1743 2084 1782; x_wconf 89' lang='lat' dir='ltr'>vasto</span> 
     </span>
     <span class='ocr_line' id='line_1_23' title="bbox 332 1810 1034 1853; baseline 0 -1"><span class='ocrx_word' id='word_1_197' title='bbox 332 1811 408 1853; x_wconf 88' lang='lat' dir='ltr'>illo</span> <span class='ocrx_word' id='word_1_198' title='bbox 442 1812 578 1853; x_wconf 69' lang='lat' dir='ltr'>lexico</span> <span class='ocrx_word' id='word_1_199' title='bbox 613 1826 690 1853; x_wconf 89' lang='lat' dir='ltr'>sua</span> <span class='ocrx_word' id='word_1_200' title='bbox 722 1810 1034 1852; x_wconf 84' lang='lat' dir='ltr'>derivaverunt.</span> 
     </span>
    </p>

    <p class='ocr_par' dir='ltr' id='par_1_4' title="bbox 330 1881 2084 2868">
     <span class='ocr_line' id='line_1_24' title="bbox 452 1881 2084 1938; baseline 0 -15"><span class='ocrx_word' id='word_1_201' title='bbox 452 1884 476 1934; x_wconf 66' lang='grc' dir='ltr'>ξ</span> <span class='ocrx_word' id='word_1_202' title='bbox 516 1884 575 1924; x_wconf 89' lang='grc'>10.</span> <span class='ocrx_word' id='word_1_203' title='bbox 640 1882 887 1924; x_wconf 86' lang='lat' dir='ltr'>Earundem</span> <span class='ocrx_word' id='word_1_204' title='bbox 925 1882 1170 1938; x_wconf 85' lang='lat' dir='ltr'>glossarum</span> <span class='ocrx_word' id='word_1_205' title='bbox 1203 1883 1389 1938; x_wconf 84' lang='lat' dir='ltr'>vestigia</span> <span class='ocrx_word' id='word_1_206' title='bbox 1420 1881 1774 1937; x_wconf 77' lang='lat' dir='ltr'>frequentissima</span> <span class='ocrx_word' id='word_1_207' title='bbox 1805 1881 2007 1938; x_wconf 81' lang='lat' dir='ltr'>indagavi</span> <span class='ocrx_word' id='word_1_208' title='bbox 2039 1882 2084 1924; x_wconf 90' lang='lat' dir='ltr'>in</span> 
     </span>
     <span class='ocr_line' id='line_1_25' title="bbox 333 1952 2084 2010; baseline 0.001 -15"><span class='ocrx_word' id='word_1_209' title='bbox 333 1954 475 1995; x_wconf 82' lang='lat' dir='ltr'>codiee</span> <span class='ocrx_word' id='word_1_210' title='bbox 503 1952 745 1996; x_wconf 83' lang='lat' dir='ltr'>Parisino</span> <span class='ocrx_word' id='word_1_211' title='bbox 772 1969 867 1996; x_wconf 84' lang='lat' dir='ltr'>nov.</span> <span class='ocrx_word' id='word_1_212' title='bbox 890 1954 1048 2008; x_wconf 88' lang='lat' dir='ltr'>aequis.</span> <span class='ocrx_word' id='word_1_213' title='bbox 1070 1954 1144 1995; x_wconf 83' lang='lat' dir='ltr'>lat.</span> <span class='ocrx_word' id='word_1_214' title='bbox 1170 1956 1281 1996; x_wconf 71' lang='grc'><strong>1298</strong></span> <span class='ocrx_word' id='word_1_215' title='bbox 1304 1969 1410 1996; x_wconf 89' lang='lat' dir='ltr'>saec.</span> <span class='ocrx_word' id='word_1_216' title='bbox 1432 1953 1517 2010; x_wconf 90' lang='lat' dir='ltr'>XI,</span> <span class='ocrx_word' id='word_1_217' title='bbox 1548 1954 1594 1995; x_wconf 87' lang='lat' dir='ltr'>in</span> <span class='ocrx_word' id='word_1_218' title='bbox 1621 1969 1705 2009; x_wconf 86' lang='lat' dir='ltr'>quo</span> <span class='ocrx_word' id='word_1_219' title='bbox 1732 1953 1899 1996; x_wconf 87' lang='lat' dir='ltr'>Placidi</span> <span class='ocrx_word' id='word_1_220' title='bbox 1925 1969 2084 1997; x_wconf 90' lang='lat' dir='ltr'>memo-</span> 
     </span>
     <span class='ocr_line' id='line_1_26' title="bbox 333 2025 2083 2080; baseline 0.001 -14"><span class='ocrx_word' id='word_1_221' title='bbox 333 2025 442 2066; x_wconf 89' lang='lat' dir='ltr'>riam</span> <span class='ocrx_word' id='word_1_222' title='bbox 475 2025 780 2080; x_wconf 83' lang='lat' dir='ltr'>gravissimam</span> <span class='ocrx_word' id='word_1_223' title='bbox 819 2026 958 2067; x_wconf 84' lang='lat' dir='ltr'>inesse</span> <span class='ocrx_word' id='word_1_224' title='bbox 999 2026 1088 2067; x_wconf 80' lang='lat' dir='ltr'>lnd.</span> <span class='ocrx_word' id='word_1_225' title='bbox 1116 2025 1210 2067; x_wconf 80' lang='lat' dir='ltr'>Jen.</span> <span class='ocrx_word' id='word_1_226' title='bbox 1240 2029 1341 2067; x_wconf 86' lang='lat' dir='ltr'>aest.</span> <span class='ocrx_word' id='word_1_227' title='bbox 1377 2025 1478 2067; x_wconf 86' lang='lat' dir='ltr'>anni</span> <span class='ocrx_word' id='word_1_228' title='bbox 1515 2025 1626 2067; x_wconf 74' lang='lat'>1886</span> <span class='ocrx_word' id='word_1_229' title='bbox 1658 2040 1698 2080; x_wconf 88' lang='lat' dir='ltr'>p.</span> <span class='ocrx_word' id='word_1_230' title='bbox 1727 2026 1864 2080; x_wconf 85' lang='lat' dir='ltr'>3sqq.</span> <span class='ocrx_word' id='word_1_231' title='bbox 1901 2026 2083 2068; x_wconf 83' lang='lat' dir='ltr'>ostendi.</span> 
     </span>
     <span class='ocr_line' id='line_1_27' title="bbox 333 2095 2083 2152; baseline 0.001 -15"><span class='ocrx_word' id='word_1_232' title='bbox 333 2095 464 2137; x_wconf 80' lang='lat' dir='ltr'>Cuius</span> <span class='ocrx_word' id='word_1_233' title='bbox 487 2096 588 2138; x_wconf 86' lang='lat' dir='ltr'>libri</span> <span class='ocrx_word' id='word_1_234' title='bbox 610 2097 826 2152; x_wconf 87' lang='lat' dir='ltr'>scriptura</span> <span class='ocrx_word' id='word_1_235' title='bbox 846 2100 894 2138; x_wconf 90' lang='lat' dir='ltr'>ut</span> <span class='ocrx_word' id='word_1_236' title='bbox 915 2097 961 2138; x_wconf 90' lang='grc'>111</span> <span class='ocrx_word' id='word_1_237' title='bbox 982 2097 1078 2139; x_wconf 90' lang='lat' dir='ltr'>aliis</span> <span class='ocrx_word' id='word_1_238' title='bbox 1100 2097 1163 2138; x_wconf 87' lang='lat' dir='ltr'>ita</span> <span class='ocrx_word' id='word_1_239' title='bbox 1184 2097 1317 2139; x_wconf 89' lang='lat' dir='ltr'>etiam</span> <span class='ocrx_word' id='word_1_240' title='bbox 1337 2097 1383 2138; x_wconf 87' lang='lat' dir='ltr'>in</span> <span class='ocrx_word' id='word_1_241' title='bbox 1402 2097 1485 2138; x_wconf 87' lang='lat' dir='ltr'>hoc</span> <span class='ocrx_word' id='word_1_242' title='bbox 1506 2096 1720 2152; x_wconf 86' lang='lat' dir='ltr'>glossario</span> <span class='ocrx_word' id='word_1_243' title='bbox 1742 2099 1836 2138; x_wconf 86' lang='lat' dir='ltr'>arte</span> <span class='ocrx_word' id='word_1_244' title='bbox 1851 2097 2083 2139; x_wconf 85' lang='lat' dir='ltr'>coniuncta</span> 
     </span>
     <span class='ocr_line' id='line_1_28' title="bbox 331 2168 2081 2224; baseline 0.001 -16"><span class='ocrx_word' id='word_1_245' title='bbox 331 2170 397 2208; x_wconf 90' lang='lat' dir='ltr'>est</span> <span class='ocrx_word' id='word_1_246' title='bbox 419 2183 515 2209; x_wconf 89' lang='lat' dir='ltr'>cum</span> <span class='ocrx_word' id='word_1_247' title='bbox 535 2168 647 2209; x_wconf 87' lang='lat' dir='ltr'>libro</span> <span class='ocrx_word' id='word_1_248' title='bbox 670 2169 929 2224; x_wconf 82' lang='lat' dir='ltr'>glossarum,</span> <span class='ocrx_word' id='word_1_249' title='bbox 957 2169 1069 2224; x_wconf 83' lang='lat' dir='ltr'>quod</span> <span class='ocrx_word' id='word_1_250' title='bbox 1091 2169 1157 2210; x_wconf 88' lang='lat' dir='ltr'>vel</span> <span class='ocrx_word' id='word_1_251' title='bbox 1179 2185 1230 2210; x_wconf 80' lang='lat' dir='ltr'>ex</span> <span class='ocrx_word' id='word_1_252' title='bbox 1250 2184 1335 2210; x_wconf 91' lang='lat' dir='ltr'>una</span> <span class='ocrx_word' id='word_1_253' title='bbox 1360 2168 1441 2210; x_wconf 87' lang='lat' dir='ltr'>hae</span> <span class='ocrx_word' id='word_1_254' title='bbox 1463 2168 1610 2223; x_wconf 88' lang='lat' dir='ltr'>glossa</span> <span class='ocrx_word' id='word_1_255' title='bbox 1631 2170 1824 2223; x_wconf 89' lang='lat' dir='ltr'>apparet,</span> <span class='ocrx_word' id='word_1_256' title='bbox 1851 2182 1959 2222; x_wconf 89' lang='lat' dir='ltr'>quae</span> <span class='ocrx_word' id='word_1_257' title='bbox 1979 2171 2081 2223; x_wconf 89' lang='lat' dir='ltr'>post</span> 
     </span>
     <span class='ocr_line' id='line_1_29' title="bbox 330 2237 2081 2296; baseline 0.001 -17"><span class='ocrx_word' id='word_1_258' title='bbox 330 2254 369 2292; x_wconf 89' lang='lat' dir='ltr'>p.</span> <span class='ocrx_word' id='word_1_259' title='bbox 389 2240 483 2294; x_wconf 72' lang='lat'>104,</span> <span class='ocrx_word' id='word_1_260' title='bbox 499 2241 554 2281; x_wconf 73' lang='lat'>33</span> <span class='ocrx_word' id='word_1_261' title='bbox 574 2240 619 2280; x_wconf 90' lang='grc'>111</span> <span class='ocrx_word' id='word_1_262' title='bbox 639 2240 763 2281; x_wconf 87' lang='lat' dir='ltr'>libris</span> <span class='ocrx_word' id='word_1_263' title='bbox 779 2241 855 2282; x_wconf 76' lang='lat' dir='ltr'>aed</span> <span class='ocrx_word' id='word_1_264' title='bbox 874 2240 1047 2296; x_wconf 84' lang='lat' dir='ltr'>legitur.</span> <span class='ocrx_word' id='word_1_265' title='bbox 1077 2240 1336 2283; x_wconf 83' lang='lat' dir='ltr'>Adscribam</span> <span class='ocrx_word' id='word_1_266' title='bbox 1355 2238 1398 2296; x_wconf 84' lang='lat'>1)</span> <span class='ocrx_word' id='word_1_267' title='bbox 1416 2239 1670 2280; x_wconf 88' lang='lat' dir='ltr'>memoriam</span> <span class='ocrx_word' id='word_1_268' title='bbox 1687 2239 1846 2281; x_wconf 90' lang='lat' dir='ltr'>codicis</span> <span class='ocrx_word' id='word_1_269' title='bbox 1863 2237 2081 2295; x_wconf 83' lang='lat' dir='ltr'>Sanger-</span> 
     </span>
     <span class='ocr_line' id='line_1_30' title="bbox 332 2310 2083 2368; baseline 0.001 -18"><span class='ocrx_word' id='word_1_270' title='bbox 332 2311 610 2366; x_wconf 86' lang='lat' dir='ltr'>mancnsis,</span> <span class='ocrx_word' id='word_1_271' title='bbox 649 2310 695 2368; x_wconf 75' lang='lat'>2)</span> <span class='ocrx_word' id='word_1_272' title='bbox 723 2312 978 2353; x_wconf 88' lang='lat' dir='ltr'>memoriam</span> <span class='ocrx_word' id='word_1_273' title='bbox 1012 2312 1170 2354; x_wconf 87' lang='lat' dir='ltr'>codicis</span> <span class='ocrx_word' id='word_1_274' title='bbox 1204 2311 1454 2353; x_wconf 76' lang='lat' dir='ltr'>Par-isini:</span> <span class='ocrx_word' id='word_1_275' title='bbox 1497 2310 1542 2366; x_wconf 85' lang='lat'>1)</span> <span class='ocrx_word' id='word_1_276' title='bbox 1575 2311 1788 2368; x_wconf 69' lang='lat' dir='ltr'>Lanterne</span> <span class='ocrx_word' id='word_1_277' title='bbox 1817 2311 1955 2353; x_wconf 65' lang='lat' dir='ltr'>arcade</span> <span class='ocrx_word' id='word_1_278' title='bbox 1984 2311 2083 2353; x_wconf 74' lang='lat' dir='ltr'>Sunt</span> 
     </span>
     <span class='ocr_line' id='line_1_31' title="bbox 333 2380 2080 2439; baseline 0.001 -17"><span class='ocrx_word' id='word_1_279' title='bbox 333 2383 442 2423; x_wconf 70' lang='grc' dir='ltr'><strong>1111νο</strong></span> <span class='ocrx_word' id='word_1_280' title='bbox 468 2383 573 2424; x_wconf 67' lang='lat' dir='ltr'>cluse</span> <span class='ocrx_word' id='word_1_281' title='bbox 601 2384 643 2424; x_wconf 78' lang='lat' dir='ltr'>in</span> <span class='ocrx_word' id='word_1_282' title='bbox 669 2398 751 2436; x_wconf 67' lang='lat' dir='ltr'>qua</span> <span class='ocrx_word' id='word_1_283' title='bbox 779 2384 939 2425; x_wconf 71' lang='lat' dir='ltr'>lucerne</span> <span class='ocrx_word' id='word_1_284' title='bbox 964 2387 1038 2425; x_wconf 67' lang='lat' dir='ltr'>aut</span> <span class='ocrx_word' id='word_1_285' title='bbox 1061 2384 1278 2426; x_wconf 77' lang='lat' dir='ltr'>eiecndelia</span> <span class='ocrx_word' id='word_1_286' title='bbox 1308 2382 1351 2438; x_wconf 79' lang='lat' dir='ltr'>(a</span> <span class='ocrx_word' id='word_1_287' title='bbox 1379 2398 1433 2424; x_wconf 88' lang='lat' dir='ltr'>m.</span> <span class='ocrx_word' id='word_1_288' title='bbox 1462 2384 1488 2424; x_wconf 74' lang='lat'><em>2</em></span> <span class='ocrx_word' id='word_1_289' title='bbox 1515 2382 1560 2424; x_wconf 88' lang='lat' dir='ltr'>in</span> <span class='ocrx_word' id='word_1_290' title='bbox 1586 2380 1688 2439; x_wconf 87' lang='lat' dir='ltr'>ras.)</span> <span class='ocrx_word' id='word_1_291' title='bbox 1714 2386 1927 2425; x_wconf 75' lang='lat' dir='ltr'>uentorum</span> <span class='ocrx_word' id='word_1_292' title='bbox 1952 2382 2080 2436; x_wconf 77' lang='lat' dir='ltr'>flatus</span> 
     </span>
     <span class='ocr_line' id='line_1_32' title="bbox 333 2453 2079 2508; baseline 0.003 -16"><span class='ocrx_word' id='word_1_293' title='bbox 333 2453 448 2493; x_wconf 66' lang='lat' dir='ltr'>adim</span> <span class='ocrx_word' id='word_1_294' title='bbox 484 2467 562 2493; x_wconf 83' lang='lat' dir='ltr'>non</span> <span class='ocrx_word' id='word_1_295' title='bbox 596 2457 776 2505; x_wconf 70' lang='lat' dir='ltr'>possunt.</span> <span class='ocrx_word' id='word_1_296' title='bbox 840 2455 947 2496; x_wconf 73' lang='lat' dir='ltr'>iznde</span> <span class='ocrx_word' id='word_1_297' title='bbox 984 2458 1019 2495; x_wconf 72' lang='lat' dir='ltr'>et</span> <span class='ocrx_word' id='word_1_298' title='bbox 1057 2456 1113 2496; x_wconf 77' lang='lat' dir='ltr'>ad</span> <span class='ocrx_word' id='word_1_299' title='bbox 1135 2455 1346 2508; x_wconf 67' lang='lat' dir='ltr'>fibendecm</span> <span class='ocrx_word' id='word_1_300' title='bbox 1380 2455 1539 2496; x_wconf 72' lang='lat' dir='ltr'>lucerne</span> <span class='ocrx_word' id='word_1_301' title='bbox 1572 2455 1697 2507; x_wconf 79' lang='lat' dir='ltr'>facile</span> <span class='ocrx_word' id='word_1_302' title='bbox 1727 2455 1873 2508; x_wconf 73' lang='lat' dir='ltr'>ubique</span> <span class='ocrx_word' id='word_1_303' title='bbox 1910 2455 2079 2497; x_wconf 72' lang='lat' dir='ltr'>circum-</span> 
     </span>
     <span class='ocr_line' id='line_1_33' title="bbox 330 2523 2081 2580; baseline 0.003 -17"><span class='ocrx_word' id='word_1_304' title='bbox 330 2523 574 2575; x_wconf 72' lang='lat' dir='ltr'>jererunlzcr.</span> <span class='ocrx_word' id='word_1_305' title='bbox 639 2523 684 2580; x_wconf 71' lang='lat'>2)</span> <span class='ocrx_word' id='word_1_306' title='bbox 717 2525 924 2566; x_wconf 75' lang='lat' dir='ltr'>Lanterne</span> <span class='ocrx_word' id='word_1_307' title='bbox 960 2525 1097 2566; x_wconf 66' lang='lat' dir='ltr'>(ercule</span> <span class='ocrx_word' id='word_1_308' title='bbox 1134 2529 1230 2567; x_wconf 74' lang='lat' dir='ltr'>sunt</span> <span class='ocrx_word' id='word_1_309' title='bbox 1266 2527 1373 2568; x_wconf 60' lang='lat' dir='ltr'>uitro</span> <span class='ocrx_word' id='word_1_310' title='bbox 1412 2527 1567 2568; x_wconf 75' lang='lat' dir='ltr'>incluse</span> <span class='ocrx_word' id='word_1_311' title='bbox 1604 2527 1650 2568; x_wconf 85' lang='lat' dir='ltr'>in</span> <span class='ocrx_word' id='word_1_312' title='bbox 1681 2540 1783 2580; x_wconf 75' lang='lat' dir='ltr'>quas</span> <span class='ocrx_word' id='word_1_313' title='bbox 1815 2526 1975 2568; x_wconf 76' lang='lat' dir='ltr'>lucerne</span> <span class='ocrx_word' id='word_1_314' title='bbox 2005 2529 2081 2568; x_wconf 74' lang='lat' dir='ltr'>aut</span> 
     </span>
     <span class='ocr_line' id='line_1_34' title="bbox 333 2595 2080 2651; baseline 0.002 -16"><span class='ocrx_word' id='word_1_315' title='bbox 333 2595 553 2636; x_wconf 73' lang='lat' dir='ltr'>ee&#39;eimlilia.</span> <span class='ocrx_word' id='word_1_316' title='bbox 608 2600 731 2637; x_wconf 66' lang='lat' dir='ltr'>uentu</span> <span class='ocrx_word' id='word_1_317' title='bbox 764 2597 868 2649; x_wconf 64' lang='lat' dir='ltr'>flatze</span> <span class='ocrx_word' id='word_1_318' title='bbox 900 2597 1016 2638; x_wconf 68' lang='lat' dir='ltr'>adim</span> <span class='ocrx_word' id='word_1_319' title='bbox 1046 2611 1129 2638; x_wconf 83' lang='lat' dir='ltr'>non</span> <span class='ocrx_word' id='word_1_320' title='bbox 1146 2601 1322 2650; x_wconf 68' lang='lat' dir='ltr'>possunt</span> <span class='ocrx_word' id='word_1_321' title='bbox 1354 2599 1461 2639; x_wconf 74' lang='lat' dir='ltr'>wide</span> <span class='ocrx_word' id='word_1_322' title='bbox 1492 2601 1530 2640; x_wconf 74' lang='lat' dir='ltr'>et</span> <span class='ocrx_word' id='word_1_323' title='bbox 1560 2599 1617 2639; x_wconf 80' lang='lat' dir='ltr'>ad</span> <span class='ocrx_word' id='word_1_324' title='bbox 1639 2598 1895 2651; x_wconf 63' lang='lat' dir='ltr'>premendum</span> <span class='ocrx_word' id='word_1_325' title='bbox 1921 2598 2080 2640; x_wconf 75' lang='lat' dir='ltr'>lucerne</span> 
     </span>
     <span class='ocr_line' id='line_1_35' title="bbox 330 2666 2077 2723; baseline 0.003 -17"><span class='ocrx_word' id='word_1_326' title='bbox 330 2666 452 2716; x_wconf 76' lang='lat' dir='ltr'>facile</span> <span class='ocrx_word' id='word_1_327' title='bbox 476 2666 621 2719; x_wconf 70' lang='lat' dir='ltr'>ubique</span> <span class='ocrx_word' id='word_1_328' title='bbox 647 2667 945 2719; x_wconf 73' lang='lat' dir='ltr'>cirennzfermit.</span> <span class='ocrx_word' id='word_1_329' title='bbox 999 2667 1050 2709; x_wconf 87' lang='lat' dir='ltr'>In</span> <span class='ocrx_word' id='word_1_330' title='bbox 1075 2669 1160 2716; x_wconf 75' lang='lat' dir='ltr'>aed,</span> <span class='ocrx_word' id='word_1_331' title='bbox 1177 2669 1385 2710; x_wconf 87' lang='lat' dir='ltr'>memoria</span> <span class='ocrx_word' id='word_1_332' title='bbox 1419 2669 1557 2710; x_wconf 90' lang='lat' dir='ltr'>multo</span> <span class='ocrx_word' id='word_1_333' title='bbox 1590 2669 1760 2723; x_wconf 86' lang='lat' dir='ltr'>plenior</span> <span class='ocrx_word' id='word_1_334' title='bbox 1786 2672 1862 2711; x_wconf 88' lang='lat' dir='ltr'>est.</span> <span class='ocrx_word' id='word_1_335' title='bbox 1915 2667 1998 2710; x_wconf 83' lang='lat' dir='ltr'>Sed</span> <span class='ocrx_word' id='word_1_336' title='bbox 2025 2668 2077 2710; x_wconf 85' lang='lat' dir='ltr'>de</span> 
     </span>
     <span class='ocr_line' id='line_1_36' title="bbox 332 2736 2076 2796; baseline 0.002 -19"><span class='ocrx_word' id='word_1_337' title='bbox 332 2736 413 2778; x_wconf 87' lang='lat' dir='ltr'>hoe</span> <span class='ocrx_word' id='word_1_338' title='bbox 445 2737 556 2778; x_wconf 86' lang='lat' dir='ltr'>libro</span> <span class='ocrx_word' id='word_1_339' title='bbox 590 2737 674 2778; x_wconf 83' lang='lat' dir='ltr'>alio</span> <span class='ocrx_word' id='word_1_340' title='bbox 707 2738 802 2779; x_wconf 89' lang='lat' dir='ltr'>loeo</span> <span class='ocrx_word' id='word_1_341' title='bbox 836 2739 1078 2780; x_wconf 86' lang='lat' dir='ltr'>accuratius</span> <span class='ocrx_word' id='word_1_342' title='bbox 1113 2741 1327 2795; x_wconf 86' lang='lat' dir='ltr'>agendum</span> <span class='ocrx_word' id='word_1_343' title='bbox 1361 2741 1460 2782; x_wconf 88' lang='lat' dir='ltr'>erit:</span> <span class='ocrx_word' id='word_1_344' title='bbox 1501 2741 1746 2796; x_wconf 85' lang='lat' dir='ltr'>glossarum</span> <span class='ocrx_word' id='word_1_345' title='bbox 1787 2738 2076 2782; x_wconf 74' lang='lat' dir='ltr'>‘abstrusa&#39;</span> 
     </span>
     <span class='ocr_line' id='line_1_37' title="bbox 333 2808 2074 2868; baseline 0.002 -20"><span class='ocrx_word' id='word_1_346' title='bbox 333 2808 463 2848; x_wconf 70' lang='lat' dir='ltr'>crisin</span> <span class='ocrx_word' id='word_1_347' title='bbox 497 2809 565 2849; x_wconf 83' lang='lat' dir='ltr'>vix</span> <span class='ocrx_word' id='word_1_348' title='bbox 597 2811 741 2863; x_wconf 86' lang='lat' dir='ltr'>potest</span> <span class='ocrx_word' id='word_1_349' title='bbox 775 2809 984 2851; x_wconf 78' lang='lat' dir='ltr'>adiuvare.</span> <span class='ocrx_word' id='word_1_350' title='bbox 1019 2835 1073 2839; x_wconf 96' lang='lat'>—</span> <span class='ocrx_word' id='word_1_351' title='bbox 1110 2810 1226 2852; x_wconf 90' lang='lat' dir='ltr'>Vsus</span> <span class='ocrx_word' id='word_1_352' title='bbox 1261 2827 1355 2853; x_wconf 86' lang='lat' dir='ltr'>sum</span> <span class='ocrx_word' id='word_1_353' title='bbox 1389 2811 1641 2868; x_wconf 87' lang='lat' dir='ltr'>apographo</span> <span class='ocrx_word' id='word_1_354' title='bbox 1677 2810 2074 2853; x_wconf 81' lang='lat' dir='ltr'>Gundermanni.</span> 
     </span>
    </p>

    <p class='ocr_par' dir='ltr' id='par_1_5' title="bbox 333 2880 2076 3009">
     <span class='ocr_line' id='line_1_38' title="bbox 452 2880 2076 2939; baseline 0.003 -20"><span class='ocrx_word' id='word_1_355' title='bbox 452 2880 645 2934; x_wconf 73' lang='lat' dir='ltr'>Denique</span> <span class='ocrx_word' id='word_1_356' title='bbox 674 2895 759 2921; x_wconf 86' lang='lat' dir='ltr'>non</span> <span class='ocrx_word' id='word_1_357' title='bbox 787 2882 1221 2934; x_wconf 77' lang='lat' dir='ltr'>praetermittendum</span> <span class='ocrx_word' id='word_1_358' title='bbox 1249 2886 1314 2924; x_wconf 89' lang='lat' dir='ltr'>est</span> <span class='ocrx_word' id='word_1_359' title='bbox 1340 2883 1560 2938; x_wconf 87' lang='lat' dir='ltr'>integrum</span> <span class='ocrx_word' id='word_1_360' title='bbox 1593 2882 1880 2925; x_wconf 72' lang='lat' dir='ltr'>‘abstrusa&#39;</span> <span class='ocrx_word' id='word_1_361' title='bbox 1913 2882 2076 2939; x_wconf 86' lang='lat' dir='ltr'>glossa-</span> 
     </span>
     <span class='ocr_line' id='line_1_39' title="bbox 333 2950 1960 3009; baseline 0.003 -19"><span class='ocrx_word' id='word_1_362' title='bbox 333 2951 443 2991; x_wconf 85' lang='lat' dir='ltr'>rium</span> <span class='ocrx_word' id='word_1_363' title='bbox 477 2951 519 2992; x_wconf 88' lang='lat' dir='ltr'>in</span> <span class='ocrx_word' id='word_1_364' title='bbox 554 2950 804 2992; x_wconf 76' lang='lat' dir='ltr'>‘affatim’</span> <span class='ocrx_word' id='word_1_365' title='bbox 838 2952 1006 3007; x_wconf 84' lang='lat' dir='ltr'>glossas</span> <span class='ocrx_word' id='word_1_366' title='bbox 1040 2956 1261 3007; x_wconf 86' lang='lat' dir='ltr'>receptum</span> <span class='ocrx_word' id='word_1_367' title='bbox 1294 2968 1403 2995; x_wconf 91' lang='lat' dir='ltr'>esse:</span> <span class='ocrx_word' id='word_1_368' title='bbox 1437 2969 1521 3009; x_wconf 85' lang='lat' dir='ltr'>quo</span> <span class='ocrx_word' id='word_1_369' title='bbox 1554 2955 1604 2996; x_wconf 87' lang='lat' dir='ltr'>de</span> <span class='ocrx_word' id='word_1_370' title='bbox 1636 2954 1751 2995; x_wconf 87' lang='lat' dir='ltr'>infra</span> <span class='ocrx_word' id='word_1_371' title='bbox 1782 2953 1960 2995; x_wconf 89' lang='lat' dir='ltr'>dicetur.</span> 
     </span>
    </p>

    <p class='ocr_par' dir='ltr' id='par_1_6' title="bbox 332 3021 2074 3222">
     <span class='ocr_line' id='line_1_40' title="bbox 450 3021 2073 3080; baseline 0.002 -19"><span class='ocrx_word' id='word_1_372' title='bbox 450 3025 474 3072; x_wconf 56' lang='grc' dir='ltr'><strong>ξ</strong></span> <span class='ocrx_word' id='word_1_373' title='bbox 509 3023 572 3062; x_wconf 89' lang='grc'>11.</span> <span class='ocrx_word' id='word_1_374' title='bbox 624 3021 859 3063; x_wconf 88' lang='lat' dir='ltr'>Alterius</span> <span class='ocrx_word' id='word_1_375' title='bbox 894 3023 1142 3078; x_wconf 84' lang='lat' dir='ltr'>glossarii</span> <span class='ocrx_word' id='word_1_376' title='bbox 1175 3025 1394 3077; x_wconf 87' lang='lat' dir='ltr'>perboni</span> <span class='ocrx_word' id='word_1_377' title='bbox 1425 3039 1513 3066; x_wconf 88' lang='lat' dir='ltr'>non</span> <span class='ocrx_word' id='word_1_378' title='bbox 1545 3025 1763 3067; x_wconf 85' lang='lat' dir='ltr'>coniuncti</span> <span class='ocrx_word' id='word_1_379' title='bbox 1790 3039 1888 3066; x_wconf 89' lang='lat' dir='ltr'>eum</span> <span class='ocrx_word' id='word_1_380' title='bbox 1913 3023 2073 3080; x_wconf 88' lang='lat' dir='ltr'>glossis</span> 
     </span>
     <span class='ocr_line' id='line_1_41' title="bbox 332 3092 2074 3152; baseline 0.002 -19"><span class='ocrx_word' id='word_1_381' title='bbox 332 3092 615 3134; x_wconf 75' lang='lat' dir='ltr'>‘abstrusa’</span> <span class='ocrx_word' id='word_1_382' title='bbox 651 3094 836 3149; x_wconf 72' lang='lat' dir='ltr'>vestigia</span> <span class='ocrx_word' id='word_1_383' title='bbox 869 3095 1078 3148; x_wconf 80' lang='lat' dir='ltr'>quaedam</span> <span class='ocrx_word' id='word_1_384' title='bbox 1112 3095 1371 3149; x_wconf 84' lang='lat' dir='ltr'>deprehendi</span> <span class='ocrx_word' id='word_1_385' title='bbox 1398 3096 1443 3137; x_wconf 90' lang='lat' dir='ltr'>in</span> <span class='ocrx_word' id='word_1_386' title='bbox 1467 3096 1725 3152; x_wconf 87' lang='lat' dir='ltr'>fragmentis</span> <span class='ocrx_word' id='word_1_387' title='bbox 1751 3095 2074 3138; x_wconf 86' lang='lat' dir='ltr'>Monacensi-</span> 
     </span>
     <span class='ocr_line' id='line_1_42' title="bbox 332 3163 2072 3222; baseline 0.002 -19"><span class='ocrx_word' id='word_1_388' title='bbox 332 3163 423 3204; x_wconf 81' lang='lat' dir='ltr'>bus</span> <span class='ocrx_word' id='word_1_389' title='bbox 452 3164 530 3204; x_wconf 87' lang='lat' dir='ltr'>sub</span> <span class='ocrx_word' id='word_1_390' title='bbox 552 3164 698 3205; x_wconf 84' lang='lat' dir='ltr'>littera</span> <span class='ocrx_word' id='word_1_391' title='bbox 718 3163 765 3206; x_wconf 89' lang='lat' dir='ltr'>L.</span> <span class='ocrx_word' id='word_1_392' title='bbox 811 3164 1011 3221; x_wconf 84' lang='lat' dir='ltr'>Exempli</span> <span class='ocrx_word' id='word_1_393' title='bbox 1037 3180 1165 3207; x_wconf 88' lang='lat' dir='ltr'>eausa</span> <span class='ocrx_word' id='word_1_394' title='bbox 1185 3166 1295 3208; x_wconf 86' lang='lat' dir='ltr'>hane</span> <span class='ocrx_word' id='word_1_395' title='bbox 1317 3167 1471 3208; x_wconf 86' lang='lat' dir='ltr'>seriem</span> <span class='ocrx_word' id='word_1_396' title='bbox 1492 3182 1543 3208; x_wconf 85' lang='lat' dir='ltr'>ex</span> <span class='ocrx_word' id='word_1_397' title='bbox 1562 3167 1675 3209; x_wconf 89' lang='lat' dir='ltr'>libro</span> <span class='ocrx_word' id='word_1_398' title='bbox 1696 3166 2072 3222; x_wconf 85' lang='lat' dir='ltr'>Tegernseensi</span> 
     </span>
    </p>
   </div>
  </div>
 </body>
</html>
