2170 3522
44 357 132 388 141u

576 238 789 275 GLOSSAE
816 237 999 274 CODICIS
1025 238 1383 274 SANGALLENSIS
1410 241 1477 274 912
1806 238 1891 279 289

160 348 420 404 Scrupolosa
452 352 654 404 suspecta

161 419 332 475 Sugilat
365 421 550 461 suffucat

159 491 334 547 Sugerit
367 491 670 532 subministrat

159 560 374 617 Sugillare
407 561 697 617 stranguilare

123 645 140 670 5
161 632 292 675 Sutor
324 632 466 675 cultor

109 1002 141 1027 10

45 1356 127 1388 142¹

110 1790 144 1814 20

51 2429 140 2461 142u

161 703 293 746 Sumo
326 707 452 746 tenus
484 719 620 759 usque
654 718 821 745 summo

161 775 387 818 Summum
422 778 691 831 postremum
722 774 1011 816 nouissimum

162 847 451 902 Suppremum
482 847 687 889 ultimum

162 919 501 974 Superstitiosus
533 918 670 960 falsus
704 918 934 973 religiosus

163 989 350 1046 Superos
384 1005 576 1033 summus

163 1053 450 1117 Supercilium
482 1065 636 1117 typum
669 1061 868 1116 superuis}

163 1133 347 1189 Supplet
380 1133 552 1189 conplet

163 1205 393 1261 Superaria
424 1205 561 1247 uestis
601 1219 709 1259 quae
749 1204 1014 1260 superindui-

221 1280 292 1319 tur

164 1348 384 1404 Superbus
417 1351 651 1391 contumax

126 1431 142 1456 5
163 1420 468 1476 Sumptuarius
502 1421 546 1475 qi
578 1423 731 1475 erogat
764 1422 963 1474 sumptus

164 1492 298 1534 Suum
332 1507 459 1548 opere

164 1563 442 1620 Supellectile
475 1578 543 1605 res
577 1563 753 1605 mobilis

164 1634 425 1691 Superstitio
455 1635 672 1690 superflua
703 1634 924 1677 institutio

164 1706 465 1763 Superuacuus
496 1722 584 1748 non
614 1706 882 1748 necessarius

166 1778 384 1834 Suprestis
418 1779 700 1833 superuiuens
733 1778 848 1820 filius

165 1849 356 1905 Supplex
388 1851 630 1892 submissus
663 1864 824 1906 rogans

165 1921 394 1977 Suppremi
428 1922 713 1964 occultarium
746 1921 927 1964 extremi

165 1992 331 2048 Suppet
364 1994 585 2048 suppetita
617 1993 902 2036 subministra

166 2064 381 2120 Supplosa
413 2066 586 2107 exclusa

112 2147 127 2171 2
167 2135 337 2192 Suppeo
370 2151 477 2193 rogo
509 2136 702 2178 inanimo

167 2207 347 2263 Spurius
381 2208 652 2250 meretricius

167 2279 332 2335 Spurus
366 2280 439 2335 qui
466 2296 517 2323 ex
543 2283 728 2322 matrem
753 2280 948 2321 nubilem
974 2282 1017 2321 et

224 2354 347 2406 patre
380 2350 620 2408 infimum¹)
653 2352 796 2394 nascit

168 2422 386 2478 Spurticia
416 2423 681 2466 inmundicia

1045 348 1223 390 Summa
1255 348 1476 403 quantitas
1508 347 1688 402 pecunie

1046 419 1304 461 Summatim
1336 419 1548 474 paulatim
1910 430 1944 454 30

1048 489 1297 546 Suauiqu)
1333 491 1526 533 oscolum
1558 490 1826 532 luxoriosum

1049 561 1158 603 Sura
1190 562 1405 617 posterior
1436 577 1536 616 pars
1570 562 1676 604 tibie

1049 632 1255 675 Susurrat
1287 636 1529 675 murmurat

1050 702 1307 746 Sustentant
1338 705 1538 746 nutriunt

1050 774 1238 816 Sustulit
1272 776 1521 832 segregauit
1554 790 1679 818 rursu
1712 775 1814 818 tolit
1916 787 1950 813 35

1051 845 1252 901 Suscepit
1283 851 1515 889 ueneratur

1051 917 1346 973 Suspicienter
1378 919 1686 961 uenerabiliter

1052 989 1229 1045 Suspice
1262 1005 1385 1032 surso
1419 990 1561 1044 aspice

1052 1060 1133 1103 Sus
1165 1057 1322 1116 porcus

1053 1132 1284 1176 Suscenset
1333 1133 1537 1176 irascitur
1592 1133 1782 1175 detrahit
1838 1133 1898 1174 in-
1918 1146 1953 1170 40

1111 1208 1258 1260 crepat
1290 1206 1360 1246 uel
1393 1205 1539 1260 culpat

1053 1275 1204 1331 Suspis
1238 1291 1368 1319 sanus
1401 1277 1628 1319 incolomis
1930 1284 2012 1316 143r

1052 1346 1259 1403 Suspensi
1293 1348 1541 1390 dubitantes

1052 1419 1254 1461 Susurrio
1289 1421 1581 1462 sententiosus
1614 1420 1825 1476 bilinguis

1053 1490 1334 1547 Suspiciendo
1369 1507 1492 1534 surso
1526 1491 1771 1547 aspiciendo

1054 1562 1316 1618 Suspectant
1349 1564 1564 1619 aspiciunt
1922 1574 1957 1600 45

1055 1634 1314 1677 Sustentant
1344 1636 1484 1677 nutrit

1055 1706 1186 1749 Sutor
1219 1707 1446 1749 calicarius

1054 1778 1192 1820 Sunto
1227 1779 1314 1821 sint

1054 1850 1234 1893 Sutores
1266 1851 1445 1906 pellium
1478 1865 1669 1892 sarsores

1055 1921 1269 1977 Stupeant
1301 1923 1514 1964 mirentur
1924 1934 1959 1959 50

1056 1992 1265 2049 Stuprum
1296 1993 1529 2036 fornicatio

1057 2065 1208 2107 Studio
1242 2065 1471 2119 disciplina

1057 2137 1207 2179 Struet
1240 2137 1464 2193 congestio
1496 2137 1716 2193 lignorum

1057 2208 1248 2251 Struices
1282 2208 1523 2250 constructi
1556 2208 1834 2264 conpaginati

1057 2280 1206 2335 Syrtes
1238 2280 1335 2322 loca
1367 2295 1548 2321 arenosa
1579 2280 1624 2321 in
1655 2279 1765 2322 mari
1937 2288 2025 2319 14311

1058 2351 1415 2393 Suouetaurealia
1435 2367 1557 2394 sacra
1577 2354 1678 2393 sunt
1693 2352 1742 2393 de
1757 2351 1906 2392 trebus
1927 2362 1961 2388 56

1116 2424 1376 2466 animalibus
1409 2424 1459 2466 de
1493 2438 1567 2465 sue
1601 2438 1681 2466 oue
1713 2425 1839 2464 tauro

264 2531 297 2575 1)
318 2534 403 2575 post
426 2529 441 2563 i
465 2541 570 2565 erasa
594 2541 631 2562 m
650 2530 661 2575 l]
683 2529 717 2574 2)
742 2527 756 2563 i
780 2540 806 2564 s.
834 2541 865 2565 v.
891 2531 1032 2575 scripta
1051 2532 1062 2575 ΙΙ

266 2630 294 2660 1.
322 2624 548 2670 Scrupulosa
574 2626 624 2660 ab
644 2626 655 2669 ΙΙ
675 2628 707 2660 2.
733 2623 924 2669 Suggillat
956 2624 1114 2660 suffocat
1139 2626 1190 2661 ab
1210 2626 1221 2671 ΙΙ
1243 2630 1274 2661 3.
1301 2624 1478 2670 Suggerit
1503 2625 1554 2660 ab
1574 2627 1585 2670 ΙΙ
1605 2628 1636 2660 5.
1665 2624 1790 2660 Sultor
1815 2623 1908 2659 abd.

170 2684 312 2719 Stultor
337 2696 355 2720 c
390 2686 402 2729 ΙΙ
447 2689 478 2719 6.
506 2684 656 2719 Summo
682 2684 733 2718 ab
774 2684 778 2728 Ι
820 2695 1004 2717 summum
1030 2686 1080 2719 ab
1118 2687 1129 2731 ΙΙ
1169 2688 1199 2719 7.
1228 2684 1377 2719 Summo
1402 2687 1592 2730 postremo
1618 2684 1821 2719 nouissimo
1848 2683 1911 2718 uel

168 2743 288 2789 primo
314 2746 366 2779 ab
385 2747 396 2789 Η
423 2748 455 2779 8.
483 2743 703 2788 Supremum
729 2755 753 2778 a
771 2744 782 2788 ΙΙ
809 2747 840 2778 9.
867 2743 963 2778 falso
990 2745 1014 2779 d
1033 2745 1043 2789 ΙΙ
1064 2748 1119 2779 10.
1147 2755 1310 2779 summos
1337 2745 1413 2779 abc
1432 2745 1443 2789 ΙΙ
1466 2748 1518 2778 11.
1545 2743 1646 2788 tipus
1667 2756 1700 2778 a.
1727 2745 1838 2787 typus
1860 2744 1879 2778 b
1905 2744 1908 2789 ἰ

170 2803 346 2848 superbia
378 2805 439 2839 ab.
485 2801 682 2848 superbiae
714 2814 732 2838 c
774 2804 785 2848 Ιῖ
831 2806 885 2838 15.
911 2803 977 2847 qui
1002 2805 1053 2839 ab
1095 2806 1107 2849 Η
1153 2808 1206 2839 16
1234 2804 1474 2849 Summopere
1502 2814 1644 2838 summo
1672 2802 1795 2837 studio
1823 2803 1873 2837 ab
1901 2825 1911 2847 1

172 2868 226 2898 17.
252 2863 408 2898 mobiles
435 2875 453 2898 c
484 2864 495 2907 n
527 2867 584 2898 20.
612 2862 806 2908 Superstes
833 2864 883 2898 ab
909 2865 920 2909 11
951 2867 1008 2899 22.
1036 2863 1225 2908 Supprimi
1250 2863 1431 2899 occultari
1455 2865 1500 2899 ab
1529 2864 1694 2908 (reliquis
1719 2863 1904 2908 omzssis)
1901 2862 1913 2908 ξ

170 2926 226 2957 23.
254 2922 472 2968 suppeditat
497 2921 621 2967 (subp.
648 2923 684 2966 b)
713 2922 987 2957 sumministrat
1012 2925 1063 2959 ab
1100 2925 1111 2969 ΙΙ
1155 2928 1211 2959 27.
1239 2922 1393 2968 Spurius
1420 2924 1497 2958 abc
1538 2926 1541 2966 Ῑ
1581 2921 1700 2956 nobili
1725 2923 1762 2955 et
1789 2930 1850 2965 (ex
1875 2922 1910 2964 e)

169 2983 278 3026 patre
303 2982 430 3017 infimo
456 2981 625 3016 nascitur
649 2983 727 3017 abc
745 2985 757 3028 ΙΙ
777 2986 832 3017 28.
860 2981 1048 3027 spurcitia
1073 2983 1150 3018 abc
1169 2984 1180 3027 ΙΙ
1200 2986 1256 3017 29.
1276 2993 1342 3017 om.
1363 2983 1473 3017 abed
1498 2984 1508 3027 ΙΙ
1529 2985 1584 3018 31.
1606 2980 1773 3015 osculum
1799 2981 1876 3016 abc
1905 2980 1909 3027 Ι

170 3041 401 3076 luxuriosum
427 3043 478 3077 ab
498 3043 509 3088 ΙΙ
530 3044 585 3076 35.
607 3052 751 3075 sursum
771 3041 861 3076 tulit
880 3043 957 3077 abc
975 3043 986 3086 ΙΙ
1007 3046 1062 3078 38.
1084 3053 1229 3076 sursum
1248 3043 1329 3077 abc
1348 3043 1359 3086 ΙΙ
1379 3046 1436 3077 39.
1456 3052 1520 3076 om.
1543 3041 1651 3076 abed
1669 3043 1681 3085 ΙΙ
1700 3044 1756 3076 41.
1777 3039 1912 3085 Sospes

171 3102 222 3136 ab
245 3103 250 3147 Ι
271 3100 468 3136 incolumis
495 3102 546 3136 ab
571 3102 582 3146 11
608 3105 664 3137 43.
691 3101 847 3136 Susurro
872 3100 1053 3146 bilinguis
1079 3102 1129 3137 ab
1155 3103 1166 3147 ΙΙ
1192 3106 1247 3136 44.
1277 3112 1422 3135 sursum
1448 3102 1498 3135 ab
1519 3102 1530 3145 ΙΙ
1548 3104 1605 3135 46.
1630 3099 1801 3135 nutriunt
1825 3101 1875 3135 ab
1901 3100 1913 3147 ΙΙ

172 3164 228 3196 47.
255 3160 457 3206 caligarius
483 3161 503 3196 b
528 3161 540 3206 11
565 3165 621 3195 49.
648 3162 808 3196 sartores
835 3162 881 3197 bc
906 3163 917 3206 ΙΙ
942 3165 998 3197 50.
1024 3173 1091 3197 om.
1118 3162 1226 3197 abed
1251 3162 1262 3206 ΙΙ
1290 3164 1347 3196 52.
1374 3159 1574 3205 disciplina
1599 3161 1651 3195 ab
1671 3161 1682 3205 ΙΙ
1701 3162 1757 3195 53.
1785 3159 1912 3195 Strues

173 3222 251 3256 abc
269 3223 281 3267 ΙΙ
301 3225 363 3265 55.
383 3232 449 3256 om.
476 3221 585 3256 abed
603 3223 614 3266 ss
633 3223 688 3256 56.
717 3220 993 3257 Suouetaurilia
1018 3234 1042 3257 a
1064 3225 1068 3267 Ι
1090 3221 1210 3256 tribus
1237 3222 1288 3257 ab
1307 3223 1319 3267 ΙΙ
1740 3243 1744 3244 ⁷

246 3287 331 3319 corp.
353 3287 445 3320 gloss.
463 3288 518 3314 lat.
536 3289 607 3314 tom.
626 3288 681 3314 IV.

1585 3284 1627 3314 19
