2170 3522
223 190 309 231 230
641 187 851 223 GLOSSAE
878 185 1061 221 CODICIS
1088 184 1446 221 SANGALLENSIS
1473 188 1539 219 912

222 299 416 355 Diriguit
449 299 604 353 rigitns
638 300 681 339 et
712 297 888 351 frigitus
922 298 988 336 est
1109 295 1239 337 Dami
1272 294 1393 349 spine

224 372 456 426 Digressus
491 372 557 410 est
590 368 698 410 abiit
1111 367 1300 408 Dumeta
1332 366 1428 408 loca
1460 366 1681 408 siluestria
1714 365 1890 420 spinosa

223 442 439 497 Disparile
473 439 679 482 dissimile
1111 438 1331 480 Duellium
1365 439 1599 480 secundum
1633 438 1796 479 bellum

223 514 469 555 Disidentcs
503 512 798 553 discordantes
1110 509 1267 551 Dulcia
1298 509 1481 551 iocunda
1990 517 2055 547 43υι

188 598 203 621 5
224 584 460 639 Dispicatis
495 583 672 624 minutis
706 583 903 637 partibus
1112 582 1279 623 Dumus
1313 581 1436 636 spina
1983 592 2015 618 31

222 656 376 698 Didior
408 654 593 696 diuidior
625 654 777 696 doctus
1111 653 1233 695 Duca
1265 653 1453 695 furmula

129 736 189 766 43r
224 727 444 770 Discreuit
476 726 696 781 separauit
1111 725 1266 767 Duella
1298 724 1531 781 scripula¹)
1563 725 1673 766 VIII

222 799 420 841 Dissinso
454 798 668 839 discordia
1110 796 1338 838 Duellibus
1373 797 1603 838 auersariis

222 871 380 925 Dipsas
412 885 571 912 nomen
603 870 815 924 serpentis
1111 868 1315 909 Duellum
1342 868 1502 909 bellum
1530 869 1710 910 duorum
1739 867 1964 909 hominum
1985 878 2019 904 35

171 954 202 978 10
222 942 401 984 Docitat
434 941 651 996 freqenter
684 941 788 983 dicit

222 1014 370 1055 Dilata
401 1014 446 1054 in
478 1013 609 1069 longo
643 1014 771 1055 ducta

222 1085 444 1127 Diuinitus
478 1085 593 1139 quod
625 1100 674 1126 ex
707 1085 936 1126 diuinitate
970 1085 1020 1126 fit
1113 1083 1393 1139 Euangilium
1426 1084 1541 1125 bona
1572 1083 1844 1125 adnuntiatio

224 1158 397 1213 Dogma
430 1156 629 1198 doctrina
1112 1155 1353 1210 Etacitas²)
1387 1155 1614 1197 multituto

223 1230 359 1271 Dolus
392 1229 510 1270 fraus
1112 1228 1235 1269 Edax
1268 1227 1551 1269 comissatum

171 1312 204 1336 15
224 1301 440 1343 Dorcades
492 1301 733 1355 quadrupes
779 1300 976 1354 capreole
1022 1300 1074 1342 si-
1112 1299 1310 1341 Etacitas
1344 1299 1564 1340 uoracitas

282 1371 398 1413 milis
1111 1370 1243 1412 Edito
1276 1369 1449 1425 prodito
1986 1382 2022 1407 40

222 1444 541 1486 Documentum
574 1444 816 1499 exemplum
1112 1442 1317 1483 Edictum
1348 1441 1494 1484 future
1527 1442 1680 1484 dicisio

146 1544 159 1553 x
222 1515 388 1557 Dorcas
421 1530 602 1570 capraea
1112 1513 1310 1555 Etacitas
1338 1513 1565 1556 multituto
1576 1512 1608 1569 3)
1637 1513 1966 1556 comessationis

222 1588 415 1629 Dolabra
435 1587 596 1629 securis
617 1587 686 1628 uel
702 1587 840 1629 asciae
862 1587 1075 1642 lapetaria
1112 1585 1282 1627 Educat
1313 1585 1454 1627 nutrit

223 1658 413 1700 Dolones
446 1658 535 1700 tela
566 1659 820 1701 abscondita
1113 1657 1313 1698 Effabilis
1347 1657 1498 1700 docilis

171 1742 204 1766 20
224 1730 415 1785 Dolopes
449 1730 610 1772 milites
643 1731 718 1772 fini
750 1731 972 1773 condotati
999 1746 1076 1786 per
1113 1729 1336 1770 Edemitat
1368 1729 1518 1771 dentes
1553 1730 1735 1771 secludit
1986 1741 2021 1765 45

285 1817 436 1844 manus
1113 1800 1270 1842 Efatur
1301 1800 1495 1855 loquitur

225 1874 371 1915 Densa
402 1889 559 1916 nomen
592 1874 731 1927 insule
1114 1872 1328 1928 Eflagitat
1360 1873 1551 1927 reposcit

225 1945 532 1987 Docimentum
566 1946 743 1987 alterius
777 1946 1020 2000 exemplum
1113 1944 1330 1986 Efferetur
1362 1944 1492 1986 funus
1525 1944 1684 1987 dicitur

226 2017 414 2059 Domata
441 2017 611 2059 moenia
636 2017 838 2060 dicuntur
864 2018 932 2058 uel
960 2021 1075 2060 certe
1115 2016 1258 2058 Effeta
1289 2016 1511 2072 adaperire

285 2088 518 2144 superioris
551 2089 703 2131 domus
1115 2089 1342 2130 Effemeris
1376 2089 1608 2130 cottitiana
1640 2103 1706 2130 res
1986 2099 2021 2125 50

226 2160 418 2202 Dubium
450 2161 664 2203 incertum
1115 2161 1362 2203 Effrenatus
1371 2160 1666 2202 inmoderatus
1677 2160 1747 2202 uel
1756 2161 1969 2215 abruptus

174 2244 207 2269 2⁵
227 2232 496 2274 Dumtaxant
527 2233 755 2288 praecipue
782 2232 872 2275 sine
899 2233 1076 2275 dubium
1115 2232 1403 2275 Effem‘matus
1446 2231 1589 2273 mollis
1623 2232 1815 2274 euiratus
1849 2245 1969 2273 ener-

227 2303 368 2346 Duces
402 2304 604 2347 ductores
1175 2306 1304 2345 uatus
1330 2305 1557 2358 tamquam
1589 2303 1751 2345 femina
1779 2300 1969 2358 mollis4)

325 2483 357 2525 1)
384 2483 438 2516 ita
462 2482 627 2517 notulam
652 2486 734 2516 (marte
754 2481 837 2515 VIII
858 2482 1022 2527 *mteIIeyo
1041 2483 1053 2527 ΙΙ
1073 2483 1108 2524 2)
1132 2481 1202 2515 Eta
1228 2482 1369 2516 litterae
1390 2492 1489 2516 nunc
1511 2491 1634 2515 erasae
1652 2481 1665 2525 ΙΙ
1684 2482 1719 2524 3)
1734 2483 1818 2526 post
1843 2478 1970 2514 multi-

228 2541 309 2575 tuto
334 2541 472 2584 scripta,
497 2545 529 2575 et
555 2541 670 2575 deleta
695 2545 745 2575 est
769 2552 805 2573 m
825 2542 836 2585 ΙΙ
856 2543 891 2584 4)
919 2542 1113 2585 tamquam
1138 2539 1279 2575 femina
1305 2539 1428 2575 mollis
1454 2540 1538 2575 add.
1566 2551 1608 2574 m.
1635 2542 1660 2575 2
1678 2540 1690 2583 ΙΙ

325 2698 354 2729 1.
381 2694 525 2738 rigidus
552 2696 589 2729 et
613 2694 773 2738 frigidus
799 2696 850 2729 ab
869 2696 880 2739 ΙΙ
901 2699 931 2729 4.
960 2694 1193 2730 Dissidentes
1218 2696 1268 2731 cd
1286 2696 1298 2740 ΙΙ
1318 2700 1349 2730 6.
1377 2694 1502 2729 Dicior
1527 2707 1546 2731 c
1567 2697 1572 2740 Ι
1595 2694 1751 2730 diuitior
1775 2705 1794 2729 c
1812 2696 1823 2738 ΙΙ
1843 2697 1874 2728 8.
1902 2705 1969 2729 om.

228 2756 337 2790 abed
356 2756 368 2799 ΙΙ
389 2759 442 2789 10.
470 2756 515 2797 cs.
537 2767 575 2800 p.
602 2757 694 2798 228,
721 2756 796 2799 5011
818 2758 871 2788 11.
902 2759 955 2789 12.
983 2767 1048 2790 om.
1076 2756 1185 2790 abed
1209 2757 1220 2800 ΙΙ
1247 2758 1300 2790 18.
1327 2753 1430 2789 ascia
1455 2755 1564 2790 abed
1586 2757 1591 2800 Ι
1613 2753 1801 2799 lapidaria
1825 2754 1935 2789 abed
1960 2753 1972 2799 ΙΙ

229 2818 284 2847 20.
311 2813 451 2848 milites
476 2813 638 2848 fenicum
664 2815 816 2859 interpr.
843 2815 904 2848 ab.
950 2816 995 2857 cf.
1024 2814 1174 2849 Dotaim
1200 2814 1360 2850 defectio
1388 2814 1448 2849 uel
1473 2826 1539 2860 per
1564 2826 1697 2849 manus
1722 2815 1764 2848 in
1789 2814 1813 2848 cl
1838 2817 1871 2848 et
1896 2812 1967 2847 Do-

230 2873 338 2907 tatiln
364 2884 564 2918 permanus
590 2875 631 2908 in
656 2874 708 2908 ab
732 2874 744 2919 ΙΙ
769 2876 823 2907 21.
851 2873 976 2908 Donsa
1001 2876 1052 2909 ab
1079 2876 1090 2920 Η
1116 2879 1170 2909 23.
1200 2873 1406 2919 superiores
1433 2876 1484 2910 ab
1509 2877 1521 2919 ΙΙ
1547 2878 1602 2910 25.
1629 2873 1833 2908 Dumtaxat
1857 2873 1936 2908 abc
1963 2872 1967 2918 Ι

231 2932 343 2967 dubio
370 2934 416 2970 bc
434 2936 446 2978 ΙΙ
465 2937 521 2967 27.
548 2932 659 2967 Dumi
685 2945 703 2968 c
722 2935 732 2978 ΙΙ
758 2936 814 2968 32.
842 2932 1001 2966 formula
1027 2934 1078 2968 ab
1110 2935 1121 2979 ΙΙ
1153 2937 1208 2968 33.
1236 2932 1400 2978 scripula
1425 2934 1509 2968 octo
1536 2934 1588 2968 ab
1618 2934 1631 2977 11
1661 2936 1716 2968 34.
1744 2931 1970 2966 aduersariis

230 2993 308 3029 abc
326 2994 337 3037 ΙΙ
358 2997 413 3028 36.
440 2993 574 3027 bonum
603 2991 775 3027 nuntium
802 2992 853 3027 ab
873 2992 883 3035 ΙΙ
904 2996 958 3027 37.
985 2993 1031 3032 cf.
1058 2996 1106 3028 42
1127 2993 1138 3036 Η
1158 2997 1212 3028 38.
1240 2992 1500 3027 commissator
1524 2994 1647 3038 61139.
1674 2989 1852 3026 Edacitas
1883 2992 1934 3027 cd
1957 2990 1969 3037 ll

231 3056 287 3086 40.
314 3052 495 3096 producto
522 3054 572 3088 ab
592 3053 603 3097 ΙΙ
624 3056 679 3088 41.
705 3052 829 3098 future
856 3050 909 3085 rei
930 3042 1074 3086 'decisio
1101 3053 1179 3088 abc
1197 3053 1209 3097 ΙΙ
1229 3056 1284 3087 42.
1312 3051 1529 3087 Edacitates
1556 3051 1673 3086 multe
1699 3050 1970 3086 comesationes
2006 3078 2008 3083 .

232 3112 282 3145 ab
319 3113 330 3156 11
368 3116 422 3146 45.
450 3111 608 3146 recludit
634 3113 684 3147 ab
716 3112 727 3156 ΙΙ
758 3114 813 3145 46.
844 3110 985 3145 Effatur
1011 3112 1063 3145 ab
1094 3114 1105 3155 ΙΙ
1136 3114 1194 3146 47.
1220 3111 1417 3156 Effiagitat
1442 3113 1527 3147 abd
1557 3113 1568 3156 ΙΙ
1601 3115 1655 3147 48.
1683 3109 1831 3145 ducitur
1856 3111 1934 3146 abc
1959 3110 1971 3154 {j

233 3173 290 3205 50.
317 3170 508 3205 cotidiana
534 3172 616 3206 abd
635 3172 646 3216 ΙΙ
666 3174 722 3206 52.
744 3171 937 3215 tamquam
964 3169 1103 3204 femina
1128 3169 1251 3205 mollis
1277 3183 1342 3207 om.
1363 3172 1474 3207 abed
1492 3173 1504 3216 ΙΙ
