2232 3548
304 220 454 254 XXVIII
1033 214 1304 250 PRAEFATIO

305 329 447 369 Codex
488 326 839 370 θαι-1101011313
880 323 944 382 (α)
984 325 1132 366 eodem
1176 322 1509 366 necessitudinis
1547 323 1720 364 vinculo
1765 338 1862 365 cum
1907 323 2054 365 codice

305 399 549 441 Leidensi
582 399 799 452 cohaeret,
833 412 917 451 quo
945 396 990 437 in
1016 395 1176 451 glossis
1209 394 1448 436 ‘abavus'
1481 394 1711 436 cohaerere
1737 394 2055 450 perspeximus:

306 485 454 512 verum
482 473 627 511 tamen
655 484 751 511 cum
771 482 858 509 non
886 467 1044 522 desint,
1071 467 1227 521 quibus
1256 467 1489 521 discrepet,
1517 466 1569 507 ad
1589 481 1863 508 communem
1887 465 2053 508 fontem

306 542 611 582 illustraunlum
644 539 865 581 commode
891 538 1132 580 adhibetur.
1163 563 1220 568 —
1250 537 1319 579 Ad
1341 538 1520 579 eandem
1541 552 1638 579 cum
1659 537 1905 580 Leidensi
1929 536 2054 579 fami·
2115 555 2117 557 ·

305 613 408 654 liam
442 613 572 654 ctiam
607 612 739 653 codex
773 609 1137 665 Sangallensis
1166 608 1223 666 (c)
1256 609 1463 665 pertinet,
1497 609 1571 651 sed
1603 612 1653 651 ut
1686 609 1878 651 affinitas
1911 608 2054 650 minus

304 684 362 725 sit
401 687 506 724 arta.
546 708 599 712 -—
642 682 721 724 His
762 682 981 724 codicibus
1028 682 1230 737 opposita
1269 683 1336 723 est
1383 681 1533 723 classis
1581 681 2054 724 contaminatorum

304 755 481 796 eodicu
492 770 552 796 m:
583 769 684 796 nam
719 754 793 808 qui
825 754 1073 809 glossarum
1100 754 1337 796 ‘abavus'
1362 754 1603 809 pleniorem
1629 753 1930 795 collectionem
1957 766 2054 794 con-

303 826 429 879 didit,
468 840 570 866 usus
608 840 701 867 esse
741 825 910 867 videtur
943 825 1087 867 codice
1121 825 1312 867 eiusdem
1346 840 1440 867 cum
1475 824 1716 867 Parisino
1749 823 2055 866 Laurentia-

302 912 470 951 noque
504 897 686 952 generis.
743 897 857 939 Hinc
890 896 1144 952 explicanda
1170 898 1237 938 est
1260 911 1434 938 summa
1466 896 1680 938 librorum
1706 896 1792 949 def
1815 894 2055 949 consensio,

304 984 411 1022 quae
439 971 482 1010 et
515 968 560 1009 in
586 969 770 1024 singulis
798 967 1066 1023 conspicitur
1092 967 1351 1010 lectionibus
1379 970 1421 1009 et
1449 968 1495 1008 in
1519 967 1722 1009 universa
1748 966 1909 1009 indole:
1942 980 2054 1008 com-

304 1040 444 1082 munis
478 1042 544 1081 est
576 1040 731 1081 lacuna
762 1040 1011 1081 litterarum
1036 1039 1078 1080 P
1107 1041 1150 1080 et
1178 1038 1228 1091 Q:
1262 1053 1489 1080 commune
1522 1041 1589 1080 est
1620 1038 1667 1080 in
1699 1038 1862 1080 eisdem
1892 1037 2053 1080 litteris

305 1112 653 1166 supplementum
686 1111 824 1153 multo
852 1111 1027 1152 uberius
1062 1125 1192 1166 quam
1224 1110 1269 1151 in
1295 1110 1493 1165 reliquis,
1527 1124 1611 1164 quo
1640 1109 1713 1164 qui
1741 1108 2055 1152 contaminavit

301 1184 471 1238 glossas
500 1182 581 1224 tab
610 1182 817 1224 absens'
852 1198 950 1224 cum
975 1181 1303 1238 Vergilianis
1337 1181 1554 1223 defectum
1581 1181 1775 1236 sarcivit,
1807 1180 2055 1223 communia

304 1258 405 1296 sunt
432 1255 819 1310 interpretamenta
840 1254 1092 1309 saepissime
1121 1255 1249 1295 aucta
1275 1256 1319 1294 et
1340 1253 1620 1308 amplificata,
1647 1253 1814 1296 scilicet
1834 1268 1886 1294 ex
1906 1253 2054 1294 eadem

302 1342 432 1381 quam
470 1326 648 1381 exposui
689 1325 1058 1368 contaminatione
1098 1325 1351 1380 repetenda,
1388 1326 1438 1365 ut
1475 1327 1519 1366 et
1552 1324 1638 1366 alia
1669 1325 1826 1367 docent
1858 1326 1902 1366 et
1933 1323 2054 1365 Ber-

301 1398 476 1440 nensis
517 1398 617 1439 libri
650 1395 710 1454 (b)
750 1397 939 1439 medium
978 1397 1192 1452 quendam
1229 1396 1374 1438 locum
1416 1396 1655 1438 obtinentis
1689 1395 1977 1452 comparatio:
2015 1395 2053 1437 is

302 1469 417 1511 enim
444 1469 488 1510 in
515 1469 664 1510 multis
691 1469 952 1511 lectionibus
974 1483 1072 1510 cum
1097 1468 1185 1521 def
1203 1468 1441 1523 conspirat,
1467 1471 1517 1509 ut
1542 1469 1721 1523 propius
1749 1469 1802 1510 ab
1828 1467 1898 1510 his
1923 1482 2054 1522 quam

301 1541 354 1581 ab
383 1554 437 1581 ccc
463 1541 613 1582 abesse
635 1541 848 1582 videatur:
875 1541 1265 1595 interpretamenta
1285 1541 1433 1580 tamen
1453 1538 1541 1581 illis
1563 1538 1869 1581 additamentis
1892 1541 2052 1581 carent.

307 1612 455 1666 Itaque
488 1612 718 1654 dolendum
751 1615 835 1668 est,
869 1612 983 1667 quod
1015 1627 1104 1653 non
1135 1611 1308 1667 integra
1337 1610 1466 1652 huius
1500 1607 1703 1667 glossarii
1728 1611 1774 1653 in
1798 1609 2053 1653 Bernensi

302 1687 472 1725 servata
504 1687 571 1725 est
603 1684 826 1726 memoria.
859 1708 917 1713 -ῌ
949 1683 1030 1725 His
1065 1682 1274 1738 expositis
1308 1685 1446 1724 restat
1477 1685 1527 1724 ut
1559 1682 1733 1724 disertis
1765 1682 1909 1725 verbis
1940 1696 2054 1724 com-

303 1770 553 1810 memorem,
595 1758 900 1810 apparatum
940 1770 1012 1796 me
1052 1754 1243 1797 eisdem
1281 1755 1489 1796 ductum
1527 1754 1822 1796 rationibus
1863 1753 2052 1809 quibus

302 1827 353 1868 in
387 1826 579 1881 glossis
613 1826 849 1869 ‘abavus’
883 1842 1005 1869 usus
1039 1842 1147 1869 sum
1181 1826 1546 1882 composuisse.

420 1900 457 1951 ξ.
493 1899 558 1940 17.
617 1898 795 1940 Glossas
828 1898 1166 1955 Vergilianas
1206 1898 1318 1940 edidi
1359 1914 1410 1940 ex
1443 1898 1593 1940 eodem
1632 1897 1776 1940 codice
1808 1896 2054 1939 Leidensi

305 1968 378 2025 (cf.
410 1986 448 2024 p.
480 1970 585 2012 XIX
601 1969 703 2025 sq.)3
737 1971 946 2012 accedunt
978 1971 1146 2013 codices
1178 1970 1242 2012 hi:

423 2040 466 2097 1)
498 2041 632 2083 codex
664 2040 1003 2084 Carnotensis
1036 2043 1121 2084 299
1157 2040 1239 2098 (a):
1273 2041 1324 2083 cf.
1356 2057 1396 2097 p.
1429 2040 1557 2082 XXII
1590 2043 1634 2082 et
1665 2040 1832 2096 XXV13

420 2111 468 2169 2)
502 2113 635 2155 codex
666 2113 947 2155 Bernensis
980 2113 1066 2156 258
1101 2111 1181 2170 (b):
1214 2112 1265 2155 cf.
1296 2129 1336 2168 p.
1368 2111 1491 2169 XXI3

421 2183 466 2240 3)
500 2185 632 2226 codex
667 2184 1030 2241 Sangallensis
1063 2184 1148 2227 908
1182 2182 1258 2241 (c):
1292 2183 1343 2226 cf.
1375 2199 1414 2238 p.
1447 2183 1613 2239 XXVI3

419 2253 466 2312 4)
500 2256 631 2297 codex
664 2255 955 2299 Vossianus
987 2256 1080 2299 Fol.
1115 2258 1170 2299 82
1203 2254 1287 2314 (d):
1320 2255 1372 2298 cf.
1404 2271 1445 2310 p.
1477 2255 1644 2312 XXIV3

422 2328 469 2382 ὃ)
504 2327 637 2369 codex
669 2326 999 2370 Monacensis
1036 2328 1178 2370 1425?
1212 2326 1288 2384 (ὼς
1322 2327 1375 2369 cf.
1407 2342 1447 2382 p.
1479 2326 1646 2382 XXIV3

423 2396 468 2454 (3)
502 2399 633 2440 codex
665 2398 940 2440 Parisinus
972 2399 1047 2440 lat.
1084 2400 1224 2441 1408?
1260 2397 1347 2455 (f):
1381 2397 1433 2440 cf.
1465 2413 1504 2453 p.
1537 2397 1705 2454 XXV13

426 2467 470 2523 7)
504 2469 635 2510 codex
668 2468 941 2511 Parisinus
975 2470 1049 2511 lat.
1085 2470 1199 2512 7690
1232 2467 1313 2526 (ss):
1348 2469 1400 2512 cf.
1433 2485 1473 2524 p.
1506 2468 1621 2511 XXI.

306 2541 471 2590 Quibus
505 2543 593 2581 tres
627 2540 806 2582 addendi
841 2544 943 2582 sunt
975 2541 1079 2583 libri
1113 2556 1221 2596 quos
1252 2541 1373 2590 novi,
1405 2555 1494 2582 non
1520 2540 1715 2582 adhibui:
1749 2540 1882 2582 codex
1908 2540 2051 2583 Pari-

303 2611 446 2653 sinus
474 2612 549 2653 lat.
575 2612 660 2653 346
688 2609 760 2668 (cf.
787 2628 826 2666 p.
848 2610 1016 2668 XXIII)
1045 2615 1087 2654 et
1113 2612 1408 2668 fragmenta
1435 2611 1769 2654 Monacensia
1789 2609 1860 2668 (cf.
1879 2627 1920 2667 p.
1940 2611 2050 2654 XIII

304 2685 346 2723 et
374 2680 561 2738 XXIII);
595 2683 726 2724 tertio
759 2684 941 2738 denique
974 2684 1069 2726 loco
1104 2685 1237 2726 codex
1269 2683 1759 2726 Cheltenhamensis
1791 2683 2052 2738 Phillipp-
2107 2717 2111 2722 .

305 2754 480 2795 sianus
510 2754 622 2795 1716
651 2752 910 2810 (Meermani
937 2753 1055 2811 511),
1087 2755 1455 2809 membranaceus,
1489 2769 1597 2796 saec.
1623 2754 1686 2796 IX
1718 2752 1844 2811 (olim
1876 2754 2050 2810 collegii

309 2825 559 2867 parisiensis
583 2825 805 2867 societatis
826 2826 923 2868 Iesu
942 2841 1010 2868 no.
1028 2825 1113 2882 73).
1146 2824 1352 2868 Continet
1372 2828 1473 2881 post
1493 2827 1732 2868 tractatum
1751 2824 2050 2881 theologicum

311 2899 350 2946 l)
383 2896 586 2951 glossas
619 2895 958 2952 Vergilianus
992 2895 1168 2953 (Incipit
1197 2898 1244 2939 de
1270 2898 1408 2951 ylosas
1439 2931 1447 2938 .
1480 2897 1656 2939 Auectos
1686 2900 1933 2951 exportatos,
1964 2897 2048 2938 Ab·

303 2968 489 3009 ezmlc‘bzcs
520 2968 828 3023 discedentibus,
871 2969 999 3013 Abire
1029 2969 1216 3023 circuire,
1251 2969 1398 3011 Abisse
1429 2969 1657 3010 discessisse
1688 3001 1696 3009 .
1729 2999 1738 3009 .
1771 3000 1780 3008 .
1812 2967 2050 3022 Xystareha

303 3038 552 3079 subs-tantiae
585 3040 792 3094 prince1283
833 3038 878 3094 2)
912 3039 1080 3095 glossas
1119 3039 1164 3080 in
1196 3040 1364 3094 aliquot
1395 3039 1531 3081 libros
1564 3039 1818 3093 bibliorum,
1850 3038 1902 3080 de
1933 3038 2047 3080 libro

304 3108 565 3160 officiorum,
605 3109 654 3151 de
692 3110 805 3152 libro
838 3113 1052 3165 rotarum,
1091 3111 1141 3152 de
1182 3111 1462 3165 ponderibus,
1501 3110 1551 3152 de
1583 3109 1834 3152 nominibus
1867 3109 2048 3152 ebreicis

305 3180 491 3234 (Adonai
522 3179 637 3237 dns—>3
675 3181 721 3237 3)
756 3181 926 3238 glossas
960 3180 1208 3223 ‘affatim'
1243 3180 1367 3238 (Item
1395 3182 1533 3236 ylosas
1559 3215 1567 3222 .
1592 3181 1775 3233 Affatim
1805 3180 2050 3223 habundant
