2170 3522
802 226 862 261 GL
869 224 1017 261 OSSAE
1046 225 1239 261 ABAVVS

142 336 383 379 Exordium
416 336 592 378 initium
624 336 887 392 principium
918 351 1001 378 ser-

204 424 381 450 monum

145 479 339 522 Exorsus
372 479 552 522 initians

143 552 332 594 Exortat
364 552 606 607 suplicatur

142 624 376 666 Exortatio
410 624 672 680 supplicatio

107 707 124 733 5
144 695 376 739 Exortatio
409 697 574 753 legatio

142 768 354 811 Exortem
387 769 573 811 alienam

143 841 356 883 Exortum
398 856 582 896 paruum
623 855 810 883 uacuum
841 840 912 882 uel
947 840 1000 880 ab

201 914 328 956 initio

142 986 334 1028 Exortus
368 987 548 1028 abortus

142 1059 338 1101 Exosum
372 1059 518 1100 odium
550 1058 714 1100 halitus

90 1141 124 1166 1⁰
141 1131 315 1174 Exosus
359 1130 432 1186 qui
472 1130 662 1185 aliquem
701 1129 793 1172 odit
826 1129 1002 1171 odiosus

141 1203 355 1259 Expartia
387 1203 528 1244 aliena

144 1275 388 1331 Expectare
423 1274 591 1330 operire

142 1348 333 1403 Expedit
365 1347 520 1403 prodet
553 1346 828 1389 commodum
862 1348 929 1387 est

140 1419 383 1475 Expeditus
417 1419 560 1461 alacer
591 1419 720 1461 fortis
752 1420 931 1473 paratus

89 1501 121 1526 15
141 1492 411 1548 <Expeditus
444 1492 571 1533 uelox
603 1491 786 1545 hilaris>

144 1564 340 1620 Expellit
374 1563 536 1606 alienat
568 1564 729 1619 repulit
762 1562 969 1604 exturbat

140 1636 435 1692 Experrectus
470 1651 494 1677 a
527 1650 681 1678 somno
715 1649 899 1691 surgens

141 1708 310 1764 Expers
357 1709 523 1750 alienus
569 1709 622 1750 ab
663 1708 810 1763 aliqua
855 1723 899 1749 re
941 1707 1002 1749 in-

204 1781 318 1824 scius
352 1781 539 1837 ignabus

140 1853 362 1909 Expertus
395 1853 607 1908 probatus
634 1853 703 1894 uel
731 1855 999 1908 temperatus

87 1935 122 1960 2⁰
141 1925 387 1981 Expiabilis
421 1928 687 1980 exaequatur

142 1998 307 2054 Expiat
347 1998 488 2040 abluit
526 2001 687 2053 purgat
720 1998 901 2040 mundat
934 2013 1001 2040 ex-

201 2073 298 2113 orat

140 2143 324 2198 Expirat
357 2142 576 2184 exanimat

139 2214 355 2270 Expiatur
386 2215 634 2257 uindicatur

139 2286 320 2342 Expilat
378 2287 547 2330 occulte
610 2288 872 2329 exterminat
928 2288 998 2329 uel

200 2359 393 2414 alapidat

86 2441 119 2467 2⁵
140 2430 418 2486 Expilatores
440 2431 605 2474 alienae
630 2431 889 2474 hereditatis
910 2447 999 2474 sur-

198 2506 397 2559 reptores

138 2574 358 2630 Explanat
390 2576 443 2618 ab
476 2576 700 2618 iracundia
731 2577 885 2619 exiluit

236 2731 271 2775 1)
298 2741 318 2764 c
342 2742 370 2766 s.
395 2743 427 2767 v.
454 2742 519 2766 scr.
541 2731 552 2776 ΙΙ
573 2732 609 2776 2)
635 2743 659 2765 u
680 2743 751 2777 pro
778 2742 799 2767 o
825 2737 987 2768 correcta
1005 2734 1017 2777 ΙΙ

1809 226 1895 267 339

1038 336 1217 392 Expleri
1250 336 1407 391 repleri

1039 409 1244 464 Expletio
1279 408 1522 450 satisfactio
1538 408 1569 463 ¹)

1040 481 1254 537 Explorat
1286 480 1468 535 inquirit
1499 481 1569 523 uel
1604 479 1865 538 abscultat2)

1039 553 1249 609 Expludit
1280 553 1503 607 uituperat
1917 570 1951 593 30

1039 625 1307 680 Explorator
1341 625 1588 680 speculator

1040 697 1222 752 Expone
1255 711 1449 738 memora
1481 697 1623 740 indica

1039 768 1335 824 Exporrectus
1368 769 1587 811 extinctus

1040 841 1258 896 Exportat
1290 841 1410 883 tollit

1039 912 1252 968 Exposcit
1285 912 1421 969 exigit
1918 931 1952 956 35

1042 984 1306 1040 Expositum
1364 988 1726 1029 commentarium
1783 990 1899 1031 adin-

1100 1060 1281 1099 uentum

1040 1129 1258 1185 Exposuit
1291 1130 1528 1172 enucliauit

1039 1202 1292 1257 Exprobrat
1324 1202 1521 1258 increpat

1038 1274 1413 1330 Exprobrationes
1454 1277 1648 1319 conuitia
1691 1277 1899 1319 uocifera-

1098 1346 1239 1390 tiones

1040 1419 1283 1475 Exprodita
1316 1421 1490 1464 exclusa
1915 1438 1951 1462 40

1041 1492 1262 1547 Expulsus
1295 1494 1477 1536 exubius

1040 1564 1348 1620 Expuderatus
1382 1566 1609 1621 inpudicus

1040 1637 1300 1679 Exterrinus
1333 1639 1588 1694 peregrinus

1039 1709 1272 1766 Expuncta
1303 1710 1429 1752 finita

1039 1782 1107 1824 Ex
1140 1798 1214 1838 spe
1249 1783 1340 1824 sine
1374 1798 1450 1838 spe
1917 1799 1951 1824 45

1038 1855 1276 1897 Extantiae
1310 1855 1510 1911 egregiae
1543 1857 1613 1898 uel
1647 1857 1861 1899 essentiae
1926 1868 1991 1899 781¹

1038 1927 1176 1969 Extat
1208 1930 1385 1983 superat
1418 1928 1626 1970 emminet
1659 1929 1816 1971 existet

1038 1999 1272 2055 Extemplo
1307 2015 1407 2042 mox
1441 2001 1594 2043 statim
1627 2001 1835 2044 continuo

1039 2072 1224 2114 Externi
1257 2073 1445 2127 pridiani
1479 2074 1548 2115 uel
1582 2074 1775 2116 externei

1038 2144 1244 2186 Extensis
1266 2146 1428 2200 apertis
1450 2147 1702 2201 patentibus
1728 2146 1895 2188 diffusis
1916 2163 1950 2186 230

1036 2217 1241 2259 Extimus
1273 2217 1470 2259 internus
1503 2219 1547 2260 id
1574 2221 1640 2260 est
1667 2221 1896 2260 extraneus

1097 2289 1168 2332 uel
1201 2292 1419 2332 extremus

1038 2361 1256 2403 Extimuit
1289 2363 1396 2404 satis
1430 2363 1580 2404 timuit

1037 2434 1270 2477 Extinctus
1318 2435 1485 2478 occisus
1529 2435 1786 2477 interfectus
1829 2451 1896 2477 ex-

1096 2510 1323 2562 porrectus

1037 2578 1285 2635 Extispices
1319 2580 1538 2635 aruspices

235 2879 267 2909 3.
294 2874 435 2909 Exorat
458 2886 476 2910 e
501 2879 535 2910 et
560 2886 605 2910 eoe
629 2887 719 2911 corr.
748 2876 773 2911 d
794 2877 799 2919 Ι
823 2875 1058 2922 supplicatur
1084 2878 1217 2913 ccbccle
1247 2880 1259 2924 ΙΙ
1291 2883 1323 2913 4.
1351 2889 1418 2914 om.
1444 2880 1577 2914 abecle
1596 2880 1608 2924 ΙΙ
1629 2882 1660 2914 7.
1686 2878 1780 2914 intio
1808 2890 1857 2915 ae
1882 2881 1892 2925 Ῡξ

139 2939 171 2970 9.
197 2933 351 2969 habitus
378 2936 515 2970 abcde
545 2937 557 2980 ΙΙ
597 2939 650 2970 12.
678 2935 849 2980 opperire
877 2937 986 2972 abed
1017 2938 1028 2982 Η
1061 2941 1115 2974 13.
1141 2938 1298 2983 prodest
1323 2939 1457 2974 abcde
1488 2940 1499 2984 ΙΙ
1535 2943 1587 2974 18.
1614 2938 1775 2984 ignauus
1801 2941 1890 2976 abe.

137 2994 291 3039 ignarus
317 2996 366 3030 de
385 2997 397 3040 ΙΙ
417 2999 472 3030 19.
499 2995 708 3040 temptatus
735 2997 869 3032 abcde
887 2998 898 3041 ΙΙ
918 3000 975 3032 20.
1002 2999 1208 3045 exequator
1233 2999 1253 3033 b
1279 2999 1290 3043 ΙΙ
1319 3002 1376 3035 22.
1403 2998 1595 3033 examinat
1619 3011 1672 3034 ac
1696 3002 1708 3044 ss
1733 3002 1788 3034 ⁴24.
1817 3000 1892 3034 ela-

137 3054 247 3099 pidat
272 3056 377 3091 aede
403 3060 436 3091 et
461 3067 478 3090 e
504 3066 594 3091 corr.
622 3055 642 3090 b
673 3056 684 3100 ΙΙ
717 3059 772 3090 26.
801 3055 949 3090 exiliuit
974 3056 1023 3091 de
1053 3050 1067 3101 ΙΙ’
1096 3061 1152 3092 29.
1179 3058 1371 3093 auscultat
1396 3061 1444 3095 de
1472 3060 1483 3104 ΙΙ
1520 3063 1575 3095 30,
1603 3059 1782 3104 Explodit
1807 3061 1856 3096 de
1881 3061 1894 3107 Η

139 3117 196 3150 37.
223 3114 437 3150 enucleauit
463 3116 550 3150 bde.
590 3115 764 3160 exposuit
789 3115 1004 3150 enucleauit
1030 3128 1079 3152 ac
1097 3118 1109 3162 ΙΙ
1128 3121 1184 3154 41.
1209 3118 1339 3153 exubis
1360 3121 1448 3156 abc.
1488 3119 1606 3154 exulis
1634 3121 1683 3155 de
1701 3121 1713 3165 ΙΙ
1733 3123 1789 3156 45.
1811 3122 1893 3155 erat

138 3175 224 3210 add.
251 3186 300 3210 ac
335 3177 348 3221 Π
385 3178 441 3211 46.
469 3174 637 3219 egretiae
662 3187 712 3210 ac
747 3176 759 3220 ΙΙ
795 3179 852 3210 47.
881 3175 1021 3211 eminet
1045 3178 1124 3213 abc
1157 3180 1162 3220 2
1197 3177 1326 3213 existit
1352 3180 1438 3215 bele.
1479 3179 1593 3214 exstit
1618 3192 1668 3216 ae
1697 3181 1710 3225 ΙΙ
1747 3184 1803 3217 49.
1830 3192 1892 3215 ex-

138 3233 260 3268 tranei
286 3235 334 3270 de
352 3236 365 3280 ss
384 3239 441 3271 50.
468 3234 610 3270 defusis
635 3247 685 3272 ae
703 3237 715 3281 ΙΙ
734 3239 791 3271 54.
819 3235 1034 3282 auruspices
1059 3238 1194 3273 abecle
1212 3240 1224 3285 ΙΙ

1534 3299 1606 3336 22*
