2232 3548
828 192 1100 228 PRAEFATIO
1721 194 1836 228 XXXI

94 316 190 357 pag.
223 303 310 344 310
348 301 798 357 interrogationes
838 305 882 343 et
919 317 1169 357 responsa
1207 302 1257 343 de
1296 302 1424 344 rebus
1470 303 1838 357 grammaticis.

92 373 304 415 Maiorem
335 375 504 428 partem
537 372 789 414 ‘affatim'
823 373 1067 428 glossarum
1099 374 1191 428 ipse
1225 373 1400 415 contuli.

215 443 259 499 7)
294 444 426 486 codex
458 443 727 485 Parisinus
761 444 845 485 346
877 443 952 485 lat.
986 458 1093 485 saec.
1126 443 1189 484 XI
1222 442 1293 498 (cf.
1325 459 1364 498 p.
1397 443 1578 498 XXIII).

211 513 258 571 8)
280 515 412 556 codex
433 515 700 556 Parisinus
720 514 795 554 lat.
817 515 931 556 ‘2326
954 514 1163 569 (Colbert.
1185 516 1314 570 4859,
1334 515 1441 570 Reg.
1461 513 1610 570 4342),
1631 516 1840 557 membra-

89 600 258 640 naceus,
290 586 345 628 88
373 586 590 640 foliorum,
623 599 730 627 saec.
757 583 896 639 IXJX.
946 585 1106 627 Exstat
1132 586 1177 627 in
1202 586 1275 627 fol.
1307 587 1478 627 1-—79r
1503 588 1716 628 tractatus
1743 587 1839 628 Isi-

91 657 204 699 dori
237 660 388 699 contra
414 657 632 699 Iudaeos
660 659 814 698 auctus
847 657 1044 698 versione
1074 657 1298 698 theodisca
1324 654 1393 712 (de
1421 672 1505 712 qua
1530 660 1703 712 praeter
1729 659 1837 699 alios

91 727 142 770 cf.
175 728 476 784 VVeinhold,
515 728 581 769 die
621 727 1039 770 althochdeutsclien
1070 728 1370 770 Bruchstiicke
1411 729 1484 770 des
1517 728 1551 769 T
1554 730 1724 770 raktats
1765 730 1837 771 des

90 799 274 842 Bischof
295 800 488 842 Isidorus
521 815 606 841 von
634 799 795 841 Sevilla
827 800 876 841 de
903 800 985 841 fide
1014 800 1229 842 catholica
1255 802 1407 841 contra
1433 799 1626 841 Iudaeos.
1683 800 1837 842 I'ader-

90 871 200 912 born
228 869 383 927 1874);
415 871 459 912 in
485 870 558 914 fol.
588 870 818 912 ’79Π-8ἷ)ιι
843 871 1014 926 glossae
1043 870 1294 913 ‘affatim'
1321 886 1346 911 a
1370 871 1512 925 prima
1538 871 1591 912 ad
1618 871 1840 926 Coniuyal‘e

87 956 188 985 necve
218 943 282 984 uel
313 943 521 984 coniuncte
548 940 606 996 (p.
633 942 737 995 497,
763 942 858 995 26);
890 942 935 982 in
966 942 1039 984 fol.
1068 943 1292 984 Son—8&
1317 942 1767 998 interrogationes
1796 946 1838 983 et

89 1028 339 1069 responsa
376 1013 426 1055 de
464 1013 592 1054 rebus
636 1012 973 1068 theologicis,
1022 1014 1066 1055 in
1109 1013 1183 1055 fol.
1217 1015 1295 1056 8811
1332 1016 1461 1055 notae
1503 1013 1837 1056 Tironianae.

90 1083 293 1127 Codicem
326 1084 511 1126 contulit
545 1083 980 1126 Gundermannus.

208 1154 255 1212 9)
287 1156 582 1212 fragmenta
613 1155 945 1197 Monacensia
979 1156 1051 1212 (cf.
1077 1172 1117 1211 p.
1144 1155 1287 1213 XIII),
1318 1156 1364 1197 in
1395 1156 1552 1211 quibus
1586 1156 1836 1198 ‘affatim'

88 1227 260 1283 glossae
280 1226 315 1268 T
334 1227 485 1269 littera
511 1226 823 1282 significantur.
874 1226 1018 1269 Vnam
1045 1228 1200 1269 seriem
1226 1227 1517 1269 transcribam
1542 1226 1612 1284 (ex
1639 1229 1728 1270 cod.
1750 1228 1838 1270 Te—

89 1296 427 1355 gernseensi):
459 1299 622 1350 Lapszcs
647 1302 706 1340 est
728 1299 922 1340 minatus
947 1303 1020 1354 est,
1052 1299 1231 1341 Labitur
1256 1300 1380 1341 soluit
1403 1300 1514 1341 cadit
1535 1300 1659 1354 fuyit,
1691 1300 1838 1341 Lacer-

86 1384 187 1412 mmi
212 1370 317 1412 stola
341 1371 482 1424 uestis,
514 1370 759 1411 Laezmaria
782 1370 945 1412 auratis
970 1384 1142 1425 effluere,
1170 1371 1445 1413 Lanczmaria
1461 1372 1687 1425 pendentia
1719 1372 1837 1413 imni-

86 1441 229 1495 naria,
255 1441 497 1501 Laquearia
518 1444 763 1483 ornamenta
783 1443 986 1496 tectorum,
1031 1443 1270 1496 Laquearia
1291 1445 1433 1484 catena
1452 1456 1579 1484 aurea
1600 1457 1657 1484 cm
1676 1457 1838 1497 corona,

87 1512 236 1554 Larua
259 1513 408 1554 umbra
432 1513 497 1555 uel
522 1513 731 1565 maleficus
756 1512 821 1554 uel
846 1512 1090 1568 incantator,
1117 1514 1315 1555 Lauerna
1338 1514 1592 1566 ferramenta
1619 1514 1838 1568 latronem,

91 1584 276 1626 Lacessit
296 1588 498 1639 prouocat
527 1585 593 1626 uel
624 1585 743 1626 uirus
775 1583 876 1637 aylt,
915 1584 1066 1627 Laoztz‘s
1102 1599 1226 1636 uasa,
1263 1585 1450 1627 Laiieeae
1479 1586 1685 1639 patelliee‚
1723 1586 1838 1627 Lati-

86 1656 266 1709 eymium
296 1656 460 1710 uinum,
492 1656 661 1698 Lambi't
685 1655 856 1708 contegit
880 1655 1017 1711 linqit,
1049 1656 1308 1699 Laticizeulas
1332 1670 1459 1699 nasas
1485 1672 1518 1698 e.
1540 1672 1577 1712 q.
1599 1672 1634 1699 s.
1682 1657 1836 1712 Itaque

87 1729 290 1781 excerpta
322 1727 440 1769 facta
473 1730 574 1769 sunt
607 1729 650 1768 et
682 1726 728 1766 in
760 1726 1022 1781 glossarium
1056 1729 1248 1783 amplum
1281 1731 1467 1783 recepta.

208 1797 282 1854 10)
327 1798 677 1855 fragmentum
721 1797 1184 1855 WVirceburgense,
1235 1800 1356 1841 nullo
1399 1803 1601 1842 notatum
1644 1816 1838 1857 numero,

85 1869 198 1911 inter
232 1869 499 1926 ‘fragmenta
530 1869 650 1912 codd.
681 1868 921 1925 philolog.',
955 1872 1068 1925 quod
1096 1872 1203 1913 milii
1235 1871 1420 1927 benigne
1447 1872 1656 1913 indicavit
1684 1872 1839 1914 Geor==

87 1941 202 1997 gius
244 1940 480 1997 Schepss.
542 1941 626 1982 Est
665 1940 822 1995 duplex
859 1940 1030 1996 folium3
1070 1943 1190 1998 prius
1228 1945 1396 1985 rectum
1435 1944 1629 1985 continet
1668 1944 1836 1999 glossas

85 2013 274 2055 Exustus
307 2044 315 2052 .
349 2045 358 2055 .
391 2045 400 2054 .
432 2012 660 2067 Ezcamciti3
691 2011 764 2052 fol.
797 2026 969 2053 versum
1003 2046 1010 2053 .
1043 2047 1051 2055 .
1087 2047 1094 2054 .
1127 2014 1290 2067 expellit
1316 2047 1323 2055 .
1351 2048 1359 2055 .
1386 2049 1395 2054 -
1421 2014 1592 2056 Famem
1624 2016 1834 2068 templium

87 2084 241 2126 folium
272 2084 490 2139 posterius
523 2086 692 2125 rectum
725 2083 900 2124 exhibet
926 2083 1095 2139 glossas
1120 2085 1334 2139 Iusiynem
1360 2118 1369 2126 .
1398 2119 1405 2126 .
1433 2119 1441 2127 .
1470 2083 1529 2140 (⁴2)
1558 2086 1670 2127 inuio
1702 2087 1748 2127 iii
1773 2088 1836 2127 de-

84 2159 206 2211 seri03
230 2170 403 2197 versum
422 2154 583 2197 Ibidem
604 2189 611 2196 .
633 2189 641 2196 .
664 2187 672 2195 .
692 2154 861 2196 Icom'ca
880 2155 1027 2207 fiyicrci]
1080 2155 1306 2211 Scriptura
1327 2159 1394 2197 est
1421 2156 1572 2198 decimi
1603 2158 1776 2198 saeculi.

210 2225 280 2283 11)
298 2227 388 2269 cod.
403 2224 887 2269 Cheltenliamensis
902 2224 1341 2282 Phillippsianus,
1355 2228 1405 2269 de
1422 2242 1506 2282 quo
1522 2228 1836 2282 cf.p.XXV1]I.

205 2298 301 2340 Hoc
334 2299 596 2354 glossarium
629 2298 675 2339 in
707 2311 857 2338 eorum
888 2311 1068 2339 numero
1103 2302 1168 2340 est
1195 2313 1303 2354 quae
1336 2298 1424 2340 iam
1456 2299 1617 2340 dudum
1644 2301 1836 2342 virorum

86 2369 313 2411 doctorum
353 2370 500 2412 oculos
538 2370 591 2410 in'
617 2384 661 2410 se
695 2370 1014 2410 converterunt.
1078 2369 1137 2411 Et
1170 2371 1336 2425 primus
1371 2370 1543 2425 quidem
1575 2371 1836 2414 Adrianus

85 2440 354 2482 Turnebus
398 2441 445 2481 in
485 2440 660 2482 Advers.
693 2440 766 2481 lib.
798 2439 993 2482 XXVIII
1033 2456 1121 2496 cap.
1156 2441 1196 2482 V
1235 2444 1278 2482 et
1311 2440 1374 2482 VI
1412 2441 1501 2484 fere
1544 2444 1627 2485 133
1667 2444 1835 2499 glossas

86 2511 232 2566 edidit,
253 2526 358 2566 quas
381 2526 431 2552 ex
446 2510 698 2552 ‘affatim'
715 2510 928 2567 glossario
951 2515 1148 2567 sumptas
1170 2527 1263 2554 esse
1281 2512 1516 2555 Loewius
1531 2513 1679 2556 Prodr.
1694 2531 1733 2569 p.
1752 2516 1834 2557 109

86 2583 412 2625 demonstravit.
475 2582 540 2624 De
580 2582 725 2624 codice
765 2597 850 2637 quo
882 2598 986 2625 usus
1019 2587 1086 2625 est
1124 2585 1230 2626 haec
1260 2588 1428 2626 narrat:
1469 2584 1646 2627 ‘Petrus
1679 2586 1836 2628 Daniel

86 2653 347 2696 Aurelianus
388 2653 704 2696 Onomasticon
748 2655 964 2709 quoddam
1008 2656 1317 2711 perantiquum
1354 2656 1401 2698 in
1438 2658 1700 2699 membranis
1744 2674 1836 2713 per-

87 2726 298 2781 scriptum
330 2724 437 2766 mihi
470 2726 773 2768 commodavit.
835 2726 903 2767 Ex
935 2741 984 2768 eo
1019 2731 1062 2768 et
1100 2743 1226 2769 voces
1266 2728 1474 2782 quasdam
1508 2732 1550 2770 et
1588 2744 1736 2771 earum
1769 2746 1836 2771 ex-

85 2797 344 2851 plicationes
371 2797 598 2851 excerpsi'.
651 2797 853 2840 Ceterum
884 2798 999 2840 hunc
1027 2799 1219 2841 codicem
1249 2799 1384 2841 fuisse
1411 2799 1722 2842 Bernensem
1749 2803 1834 2844 258

86 2868 321 2910 Loewius
354 2868 643 2924 probabiliter
669 2869 865 2911 coniecit.
914 2869 1081 2911 Eodem
1112 2871 1225 2912 libro
1251 2886 1356 2912 num
1385 2869 1621 2927 Scaliger
1647 2872 1691 2913 in
1719 2873 1837 2914 colli-

86 2940 237 2995 gendis
271 2939 450 2995 ‘glossis
484 2939 696 2982 Isidori'
730 2955 832 2982 usus
868 2940 942 2995 sit,
973 2956 1062 2983 non
1094 2942 1201 2983 satis
1235 2944 1401 2983 eertum
1432 2942 1615 2984 videtur.

204 3010 318 3052 Miro
351 3025 454 3053 casu
487 3010 688 3053 effectum
720 3014 804 3062 est,
842 3014 891 3052 ut
929 3012 1102 3067 glossae
1136 3012 1385 3054 ‘affatim’
1418 3028 1497 3068 pro
1531 3013 1834 3056 ‘Placideis’

23 3100 26 3101 ⁷
85 3081 366 3136 haberentur,
392 3081 456 3123 uti
482 3081 571 3123 iam
597 3098 649 3124 ex
673 3081 957 3137 inscriptione
984 3083 1188 3138 glossarii
1210 3083 1244 3125 F
1255 3084 1522 3126 abriciana
1549 3089 1729 3140 apparet
1753 3087 1834 3129 liac

88 3153 146 3208 (p,
160 3150 320 3210 XXX):
345 3153 417 3195 Ex
435 3155 715 3208 ‘manuscripto
737 3153 950 3196 Glossario
969 3153 1289 3198 Bonaventmae
1315 3156 1518 3198 Vulcania:
1559 3155 1645 3198 Sub
1666 3157 1835 3200 Placidi
