2170 3522
231 182 315 222 254

229 291 450 346 Laqueare
484 289 646 331 uincire
680 288 859 343 alligare

229 363 411 404 Lauitur
444 361 628 403 soluitur
660 362 735 401 aut
768 359 891 401 cadet

229 435 481 476 Latibulun]
515 432 835 473 defensaculum

230 506 392 547 Lances
425 505 615 559 pondera
648 518 847 556 mensure¹

193 590 208 612 ὑ
230 578 359 632 Lapit
392 576 555 618 cruciat
589 575 800 617 sollicitat
833 573 991 615 doliter

227 650 434 691 Latomus
468 647 614 702 lapidu
649 662 770 701 cesor

228 721 362 776 Legio
396 735 600 761 numerus
635 735 709 761 sex
741 718 911 760 milium
944 717 1080 758 homi-

284 808 387 834 nun]

226 864 399 919 Legunt
433 864 648 920 colligunt

226 936 384 992 Legale
417 935 664 991 legitimum

175 1020 207 1043 10
227 1008 446 1064 Legitima
478 1008 638 1050 iudicia
669 1010 901 1062 praecepta

226 1081 393 1135 Legata
426 1083 690 1122 testamenta
722 1081 883 1121 donata

225 1152 506 1208 chomartia
527 1153 723 1194 numirus
745 1152 935 1193 militum
957 1150 1078 1205 quasi

286 1225 415 1266 marti
449 1228 724 1267 consecratus

226 1296 440 1353 Legatum
474 1297 651 1338 donatio
685 1296 877 1338 defuncti

226 1368 416 1425 Legatus
450 1368 745 1410 internuntius

172 1449 205 1474 15
224 1441 414 1482 Leofilus
448 1441 584 1482 leonis
618 1441 733 1482 filius

132 1518 196 1549 76¹¹
226 1512 399 1555 Lectica
434 1527 517 1567 qua
550 1513 746 1555 consoles
780 1514 1012 1567 portantur

225 1584 411 1626 Lebetas
447 1599 652 1627 caccauos
687 1583 859 1639 eneos¹)

226 1656 430 1698 Lectores
464 1657 734 1712 apparitores

225 1728 456 1770 Lecticalis
491 1730 564 1783 qui
596 1730 807 1771 lectulum
840 1727 945 1768 facit

173 1811 205 1835 c20
225 1800 455 1842 Lebissata
488 1815 623 1856 genus
658 1800 887 1842 marmoris

225 1872 343 1914 Lena
374 1873 584 1914 uitiorum
618 1873 833 1915 seductrix

224 1944 364 1986 Lenta
397 1945 607 1987 flexebilis

225 2015 460 2058 Lenocinia
493 2017 757 2058 seductionis
784 2017 1079 2072 persuasionis

224 2087 435 2129 Lentetur
469 2088 606 2130 otiose
640 2089 716 2130 fiat

172 2168 205 2193 ‘25
226 2159 367 2214 Lepus
400 2160 583 2202 blandus

228 2230 342 2272 Leno
377 2232 579 2274 seductor
612 2236 654 2273 et
686 2234 961 2288 praepositus
995 2250 1078 2276 me-

285 2306 474 2345 retrcuni

226 2374 387 2417 Lentus
421 2376 570 2417 tardus
604 2377 713 2418 lenis

225 2445 351 2487 Lenit
383 2450 510 2502 pacat
540 2448 710 2490 blandit

324 2579 354 2622 1)
382 2588 402 2611 o
428 2589 472 2612 ecc
498 2590 521 2611 u
547 2583 707 2613 correcta
727 2579 738 2623 ΙΙ

644 178 855 213 GLOSSAE
883 176 1068 212 CODIOIS
1096 176 1456 212 SANGALLENSIS
1483 180 1550 211 912

1118 286 1404 329 Lenocinium
1467 286 1614 328 uxoris
1679 286 1974 329 meretricatio

1176 358 1323 401 mariti
1357 373 1569 400 consensu

1117 431 1261 486 Lepus
1294 431 1478 473 blandus
1993 445 2029 470 30

1118 503 1331 559 Lepidum
1364 503 1597 558 pulchrum
1629 505 1833 545 unestum

1119 575 1332 630 Leporem
1364 575 1622 617 blanditiem
1661 574 1875 616 dulcidine
1908 574 1975 615 de-

1179 663 1276 690 core

1120 720 1331 775 Lepidum
1364 720 1549 775 pulchur
1580 720 1814 761 honestum

1119 792 1309 848 Lepidus
1344 795 1467 834 tener
1500 792 1645 833 mollis
1679 791 1897 847 deligatus

1117 864 1387 920 Leptopyria
1421 865 1585 918 minute
1618 863 1752 905 febris
1993 877 2028 902 35

1117 936 1260 978 Lerna
1291 936 1469 991 paludes
1504 950 1613 991 aque
1647 936 1721 977 ubi
1754 935 1838 977 fuit
1870 935 1977 990 ydra
2004 947 2064 978 77Γ

1179 1024 1355 1064 serpens
1384 1009 1458 1063 qui
1485 1008 1623 1050 multa
1650 1008 1795 1063 capita
1820 1007 1976 1049 habuit

1120 1081 1310 1123 Lerneus
1343 1084 1392 1122 ut
1426 1080 1580 1136 anguis
1614 1081 1659 1121 in
1690 1080 1886 1121 lernatus

1119 1153 1313 1209 Leargus
1340 1153 1500 1194 uitium
1528 1167 1613 1207 quo
1635 1154 1976 1207 conpremuntur

1179 1226 1271 1282 egri
1305 1226 1358 1267 ad
1390 1225 1550 1267 falsum
1583 1239 1784 1266 somnum

1120 1297 1347 1341 Leuicauis
1380 1297 1537 1339 leniuis
1571 1296 1795 1338 dealbabis

1119 1370 1318 1412 Lebbeus
1365 1370 1552 1412 circulus
1594 1369 1637 1410 id
1676 1371 1744 1410 est
1782 1383 1807 1410 a
1848 1368 1975 1410 corde
1995 1386 2030 1410 40

1178 1442 1270 1497 ipse
1303 1444 1369 1484 est
1402 1442 1506 1483 deus
1545 1441 1638 1496 ipse
1678 1443 1745 1482 est
1777 1442 1822 1482 et
1854 1440 1976 1482 iudas

1178 1514 1320 1556 iacubi

1118 1586 1229 1627 Libo
1264 1586 1460 1628 sacrifico
1495 1585 1627 1627 offero

1119 1658 1314 1699 Lilibeus
1346 1657 1675 1713 promunturius

1118 1730 1320 1772 Libertas
1354 1730 1604 1785 ingenuitas

1118 1801 1275 1844 Libare
1309 1805 1375 1843 est
1408 1802 1571 1857 aliquid
1603 1801 1761 1843 lebiter

1118 1873 1275 1915 Libani
1307 1876 1508 1929 potentes
1543 1873 1677 1928 seculi
1710 1876 1752 1915 et
1784 1872 1920 1914 fortes
1994 1890 2030 1916 45

1118 1946 1336 1988 Liburnus
1370 1946 1548 2002 grandis
1580 1945 1705 1987 nauis

1119 2018 1311 2073 Liburne
1345 2018 1491 2072 accule
1526 2017 1717 2059 atriatici
1750 2016 1883 2058 maris

1118 2090 1349 2132 Libamina
1383 2090 1595 2132 sacrificia
1626 2090 1803 2131 incensa

1118 2161 1297 2204 Libauit
1330 2162 1582 2217 degustauit
1615 2160 1877 2203 sacrificauit

1119 2234 1330 2275 Libitinia
1362 2235 1501 2275 lectus
1534 2236 1806 2275 mortuorum
1994 2251 2029 2276 50

1117 2306 1250 2347 Libat
1281 2306 1425 2347 fundit
1459 2306 1579 2360 sicile

1118 2378 1324 2420 Libiralis
1357 2378 1587 2419 munificus
1620 2378 1769 2434 largus
2005 2391 2070 2422 771¹

1118 2450 1273 2492 Librat
1305 2453 1490 2505 pensant
1524 2453 1685 2504 equant

319 2700 351 2730 2.
380 2696 534 2731 Labitur
560 2699 610 2731 ab
645 2700 650 2741 l
692 2697 795 2731 cadit
820 2700 870 2733 ab
909 2701 919 2744 ΙΙ
958 2702 990 2734 5.
1017 2699 1119 2734 dolet
1145 2701 1195 2734 ab
1235 2701 1246 2744 ΙΙ
1284 2703 1315 2733 6.
1343 2698 1511 2743 lapidum
1540 2700 1591 2734 ab
1628 2700 1639 2744 ΙΙ
1675 2702 1706 2734 8.
1734 2709 1799 2733 om.
1827 2699 1937 2734 abed
1962 2699 1975 2746 Η

228 2758 279 2789 12.
306 2766 481 2789 numerus
508 2757 558 2791 ab
590 2758 601 2801 Η
635 2760 688 2792 15.
716 2756 789 2791 Leo
817 2757 914 2791 filius
941 2759 993 2792 ab
1019 2760 1030 2803 ΙΙ
1059 2764 1112 2794 16.
1140 2758 1310 2793 consules
1337 2760 1414 2793 abe
1433 2760 1445 2803 11
1467 2761 1519 2793 17.
1548 2757 1707 2792 cacabos
1733 2759 1758 2793 d
1777 2760 1788 2804 ΙΙ
1813 2762 1863 2793 18.
1891 2757 1972 2792 Lic-

225 2815 322 2847 toros
349 2816 399 2849 ab
419 2816 430 2860 11
451 2820 506 2850 22.
534 2815 709 2850 flexibilis
736 2818 787 2851 al»
807 2818 818 2861 Η
838 2821 893 2852 ⁶23.
918 2817 1154 2852 seductiones
1181 2817 1441 2863 persuasiones
1462 2829 1480 2853 c
1500 2820 1511 2864 ss
1531 2822 1586 2852 26.
1608 2816 1842 2852 meretricum
1863 2818 1941 2852 abc
1961 2817 1972 2864 ΙΙ

226 2878 279 2908 28.

226 2937 281 2968 34.

226 2997 280 3028 38.

226 3056 280 3085 42.

226 3114 280 3144 50.

227 3174 280 3203 53.
310 3174 440 3214 pensat
469 3175 583 3218 ‹gquat
609 3174 660 3207 ‹tl›
680 3176 690 3216 ΙΙ

308 2874 434 2918 plantat
461 2876 540 2911 abc
559 2877 570 2920 Η
591 2880 645 2911 31.
672 2876 870 2910 honestum
897 2878 1007 2912 abed
1027 2879 1037 2922 ΙΙ
1058 2883 1113 2912 32
1135 2878 1371 2913 dulcedinem
1400 2878 1572 2912 decorem
1598 2878 1709 2912 abed
1728 2878 1739 2923 ss
1759 2880 1813 2911 33.
1835 2877 1882 2919 cf.
1895 2879 1940 2910 31
1960 2877 1972 2923 Η

309 2934 492 2969 delicatus
519 2936 603 2970 abd
635 2938 646 2981 ΙΙ
678 2940 732 2971 35.
761 2947 827 2971 om.
855 2937 964 2971 abed
995 2939 1006 2982 Η
1038 2941 1094 2972 36.
1122 2938 1230 2982 palus
1257 2948 1353 2981 aque
1379 2938 1530 2982 intemw.
1558 2937 1583 2971 d
1607 2938 1619 2981 ΙΙ
1648 2939 1704 2971 37.
1730 2947 1796 2971 om.
1824 2937 1937 2971 abed
1962 2938 1971 2982 Η

307 2993 507 3039 Lithargus
535 2996 585 3029 ab
609 2998 613 3039 Ι
637 2995 935 3040 comprimuntur·
957 2997 1008 3030 ab
1033 2998 1044 3041 ΙΙ
1070 3002 1125 3032 40.
1153 2997 1322 3031 corculus
1349 2998 1400 3031 ab
1424 2999 1429 3041 1
1452 2996 1538 3030 that
1563 2996 1654 3030 deus
1675 3008 1698 3030 a
1720 2997 1725 3041 Ι
1747 2995 1870 3030 iacobi
1890 2997 1941 3031 ab
1961 2996 1972 3043 Η

308 3054 625 3096 pronuinctorium
651 3057 701 3089 ((1)
727 3058 737 3101 Η
763 3059 818 3090 44.
847 3055 981 3090 leuiter
1007 3056 1222 3099 contingere
1249 3057 1300 3090 ab
1326 3058 1337 3101 Η
1362 3058 1419 3090 47.
1448 3055 1573 3102 accole
1600 3056 1651 3090 ab
1681 3057 1685 3099 Ι
1714 3053 1889 3089 adriatici
1915 3057 1935 3091 b
1960 3055 1972 3102 l!

313 3111 474 3147 Libitina
506 3116 589 3149 abd
631 3117 643 3159 ΙΙ
686 3118 741 3150 51.
770 3115 890 3161 sicile]
923 3117 1053 3158 gustat
1084 3118 1114 3151 (Z.

1170 3115 1356 3150 sacrificat
1387 3116 1432 3149 ab
1476 3116 1486 3159 ΙΙ
1531 3119 1584 3149 52.
1613 3114 1795 3149 Liberalis
1822 3116 1935 3150 (ebed
1959 3115 1972 3161 ΙΙ
