2170 3522
45 521 133 552 133u

108 1169 141 1194 10

108 1457 140 1482 14

46 1597 128 1628 134¹

109 1960 142 1984 20

581 186 792 223 GLOSSAF}
820 187 1004 223 CODlClS
1031 186 1389 222 SANGALLENSIS
1417 190 1483 222 912
1814 186 1900 226 285

220 300 293 340 sed
325 296 540 354 proprie¹)
578 301 644 340 est
675 296 833 354 lig0r2)
867 298 919 339 ad
951 297 1012 339 bi-
1052 297 1127 339 Sin
1161 297 1196 339 si
1228 313 1315 339 non
1349 297 1409 339 sic

220 368 449 426 uendum3)
484 369 704 424 suauem4)
738 370 810 424 qui
841 385 892 411 ex
918 369 1011 411 dac·
1052 367 1235 410 Sinodus
1270 369 1598 424 congregatium
1632 383 1781 409 senum

220 441 320 482 talis
354 440 619 496 expromitur
1051 440 1275 482 Sinonima
1301 441 1413 495 pluri
1440 440 1618 481 numina
1645 454 1725 494 que
1748 439 1898 480 multis

162 511 295 568 Signa
327 512 485 554 indicia
1108 512 1332 554 uocabulis
1377 527 1507 553 unam
1552 527 1641 553 rem
1681 511 1899 567 significat

162 583 370 640 Signities
403 583 559 625 dardus
592 581 814 639 pigritie)
1051 582 1302 639 Singultum
1336 583 1606 639 subglutium

162 653 402 711 Signanter-
427 655 648 697 euidenter
1051 654 1308 710 Symbulum
1365 655 1531 696 obtima
1588 654 1776 696 conlatio
1831 654 1899 695 uel
1931 661 2017 692 134u

162 726 318 783 Sigilla
350 727 518 768 minora
550 726 675 782 signa
1108 729 1285 781 pactum
1320 727 1433 782 quod
1466 741 1563 768 cum
1596 727 1673 768 deo
1706 727 1757 767 fit

165 797 318 854 Signes
351 796 552 854 dardusss)
585 798 709 854 piger
1051 797 1127 840 Sin
1158 801 1311 853 portus

162 869 337 926 Signius
371 870 535 911 tardius
568 868 855 925 necligentius
1052 869 1284 925 Sinphiton
1317 868 1397 923 §iffi
1432 869 1589 911 caloris
1622 869 1711 923 uite
1746 884 1870 925 grece

161 940 350 997 Signitia
380 941 567 998 pegritia
1051 940 1151 983 Sine
1185 941 1363 983 dimette

162 1012 328 1056 Silurus
362 1027 497 1069 genus
530 1012 639 1068 picis
718 1014 729 1019 ”
1051 1012 1271 1070 Sinagoga
1304 1016 1542 1056 conuentus
1917 1025 1950 1049 30

162 1083 422 1141 Silogismus
456 1084 654 1126 collectio
689 1099 938 1126 sermonum
1051 1084 1314 1141 Singulatim
1347 1101 1422 1140 per
1455 1085 1648 1141 singulas
1683 1084 1797 1127 uices

162 1156 330 1212 Siliqua
361 1156 578 1199 follicolus
611 1156 837 1212 liguminis
1051 1156 1344 1213 Singraphum
1377 1157 1520 1198 cautio
1555 1156 1786 1211 suscriptio

162 1227 270 1271 Silet
302 1231 419 1271 tacet
1052 1227 1286 1270 Sinistrum
1320 1228 1615 1270 contrariuum

162 1299 348 1343 Silentes
379 1303 573 1342 tacentes
1052 1299 1230 1342 Sinaxin
1263 1299 1503 1354 solempnia

162 1371 347 1415 Silenter
378 1372 510 1414 tacite
540 1372 728 1414 latenter
1052 1369 1250 1426 Sinciput
1282 1371 1506 1413 dimidium
1541 1375 1670 1426 caput
1922 1383 1956 1407 35

162 1442 339 1499 Syllaba
384 1443 722 1498 conpraehensio
765 1443 1012 1483 litterarum
1052 1441 1189 1484 Sirtes
1222 1443 1333 1484 uada
1366 1458 1520 1485 saxosa

220 1515 289 1557 uel
322 1515 535 1558 uocabula
1052 1513 1272 1556 Siromace
1305 1515 1498 1570 gladium

163 1586 335 1629 Silanus
369 1588 500 1630 tubos
1053 1585 1165 1628 Sirio
1200 1586 1327 1627 stella
1360 1587 1546 1640 estuales
1932 1593 2013 1625 135r

163 1657 347 1701 Simolat
378 1659 507 1715 fingit
1053 1656 1241 1699 Sistrum
1272 1657 1442 1714 insigne
1476 1659 1749 1701 sacerdotum

163 1729 451 1773 Simulacrum
484 1730 630 1787 efigies
664 1729 810 1785 imago
1054 1727 1181 1770 Sistit
1215 1729 1371 1771 statuit
1920 1742 1956 1766 40

163 1802 416 1845 Simultates
449 1803 538 1857 rixe
573 1799 916 1858 contentiones7)
1054 1800 1171 1843 Situs
1204 1801 1368 1856 positio
1402 1801 1616 1844 ordinatio

164 1874 377 1917 Simulata
408 1876 540 1917 fincta
1053 1871 1157 1915 Sion
1190 1873 1364 1928 specula

164 1945 372 1989 Simultas
407 1947 530 1988 dolus
562 1946 615 1988 lis
650 1946 819 1988 occulta
1053 1943 1316 2000 Sitigolosus
1350 1945 1424 2000 qui
1457 1960 1626 2000 semper
1658 1945 1753 1987 sitit

165 2017 406 2060 Simulatur
433 2018 506 2073 qui
533 2018 649 2060 aliud
674 2017 870 2071 loquitur
896 2017 1013 2058 aliud
1054 2015 1203 2058 Simon
1241 2031 1349 2071 pene
1388 2032 1554 2059 merore
1592 2018 1662 2059 uel
1696 2017 1902 2059 obediens

223 2090 389 2146 cogitat
1053 2087 1190 2130 Sciuit
1223 2088 1440 2130 sententia
1472 2088 1589 2131 dedit
1922 2098 1957 2123 45

260 2245 293 2289 1)
318 2243 350 2278 ri
375 2256 402 2280 s.
431 2256 459 2280 v.
488 2244 571 2279 add.
598 2256 642 2278 m.
670 2245 695 2278 2
720 2243 732 2288 ll
758 2244 793 2289 2)
819 2241 942 2287 liquor
968 2254 1058 2278 corr.
1086 2254 1130 2278 m.
1157 2245 1181 2279 2
1205 2243 1217 2288 ll
1244 2242 1278 2287 3)
1303 2240 1508 2276 bibendum
1533 2253 1623 2278 corr.
1651 2254 1696 2277 m.
1723 2246 1748 2278 2
1768 2244 1780 2287 Ιῐ
1805 2243 1841 2288 4)
1867 2253 1903 2275 111

162 2303 290 2340 delevit
314 2316 359 2340 m.
385 2307 409 2340 2
444 2305 456 2349 ΙΙ
495 2305 529 2348 5)
557 2302 743 2348 Segnities
769 2303 931 2338 tarditas
957 2302 1113 2348 pigritia
1139 2314 1229 2338 corr.
1256 2315 1300 2338 m.
1329 2306 1352 2339 2
1385 2303 1396 2347 ΙΙ
1434 2303 1469 2349 6)
1497 2301 1627 2347 Segnis
1654 2302 1785 2336 tardus
1811 2313 1902 2337 corr.

161 2375 206 2398 m.
233 2368 257 2400 2
278 2364 289 2409 ΙΙ
310 2365 344 2409 7)
370 2363 383 2398 1
408 2375 434 2400 s.
461 2375 492 2399 υ.
520 2364 604 2399 add.
631 2375 675 2399 m.
703 2367 728 2399 2
749 2364 759 2409 ΙΙ

164 2517 335 2553 imitatur
367 2518 572 2564 (imittatur
603 2522 636 2564 c)
671 2521 708 2554 et
738 2518 901 2554 inebriat
934 2518 997 2554 sed
1029 2516 1177 2564 proprie
1211 2518 1268 2552 est
1298 2516 1421 2562 liquor
1453 2517 1500 2552 ad
1537 2517 1740 2552 bibendum
1777 2518 1904 2553 suauis

165 2580 296 2622 (suane
322 2581 355 2621 c)
384 2578 448 2623 qui
474 2590 518 2614 ex
544 2579 702 2614 dactalis
730 2578 898 2624 (dactilis
925 2580 964 2623 d)
994 2577 1213 2623 exprimitur
1239 2578 1288 2612 cd
1307 2580 1318 2622 ΙΙ

259 2643 291 2673 2.
319 2638 505 2683 Segnities
531 2641 582 2674 ab
619 2640 622 2683 ξ
656 2638 818 2673 tarditas
845 2640 972 2683 torpor
998 2639 1147 2683 zssntewpr.
1176 2638 1226 2672 ab
1253 2639 1264 2681 ΙΙ
1292 2641 1323 2673 5.
1353 2635 1484 2681 Segnis
1511 2637 1561 2672 ab
1597 2639 1600 2682 Ι
1636 2637 1765 2671 tardus
1792 2639 1868 2673 abc
1893 2638 1903 2684 Jl

165 2703 197 2733 6.
224 2696 382 2742 Segnius
409 2700 458 2734 ab
481 2700 486 2744 Ι
508 2697 768 2743 neglegentius
795 2698 873 2733 abc
898 2698 908 2742 ΙΙ
936 2701 966 2732 7.
994 2695 1149 2741 pigritia
1175 2708 1193 2732 c
1219 2697 1230 2741 ΙΙ
1256 2701 1287 2731 8.
1314 2695 1428 2741 piscis
1455 2697 1538 2732 abd
1562 2697 1572 2741 ΙΙ
1599 2700 1630 2732 9.
1658 2696 1902 2741 Syllogismus

165 2758 215 2792 ab
253 2760 264 2803 Η
309 2762 363 2794 10.
390 2757 579 2793 folliculus
606 2759 655 2793 ab
695 2760 700 2802 1
739 2755 940 2802 leguminis
967 2757 1017 2791 ab
1062 2757 1073 2801 ll
1119 2760 1172 2791 15.
1200 2768 1265 2791 om.
1293 2757 1404 2792 abed
1439 2759 1450 2802 ΙΙ
1490 2761 1544 2791 16.
1573 2755 1731 2791 Simulat
1758 2757 1869 2805 abed
1893 2757 1904 2803 {l

167 2821 220 2852 17.
248 2817 390 2862 effigies
418 2820 494 2854 abc
513 2819 523 2863 ΙΙ
545 2821 600 2853 19.
627 2817 714 2852 ficta
740 2819 824 2853 abd
842 2819 853 2862 11
874 2821 927 2853 21,
957 2815 1162 2851 Simulator
1187 2817 1300 2851 abed
1319 2817 1329 2861 ΙΙ
1350 2820 1405 2851 22.
1427 2815 1459 2850 31
1483 2827 1557 2850 11011
1584 2815 1615 2849 31
1641 2817 1691 2851 ab
1712 2816 1722 2860 ΙΙ
1743 2820 1798 2852 23.
1820 2826 1903 2849 con—

164 2876 335 2922 gregatio
362 2889 380 2913 c
410 2879 421 2922 ΙΙ
453 2882 509 2912 24.
536 2876 786 2922 plurinomina
812 2879 873 2913 ab.
924 2875 1151 2921 plurinomia
1177 2888 1195 2911 c
1223 2878 1227 2922 Ι
1257 2874 1472 2920 significant
1497 2888 1520 2909 a
1544 2877 1555 2920 ΙΙ
1583 2878 1639 2909 25.
1669 2874 1903 2919 suggluttum

165 2938 214 2972 ab
246 2938 256 2982 ΙΙ
289 2941 344 2973 26.
373 2936 591 2981 Symbolum
617 2938 678 2972 ab.
731 2936 935 2971 Simbolum
962 2947 981 2971 c
1014 2937 1019 2980 1
1054 2934 1198 2980 optima
1223 2948 1246 2970 a
1277 2937 1287 2981 ΙΙ
1319 2938 1374 2970 27.
1403 2934 1511 2969 Sinus
1538 2935 1647 2970 abed
1675 2935 1686 2979 ΙΙ
1718 2937 1772 2969 28.
1800 2933 1903 2978 Sym-

163 2995 296 3040 phiton
322 2997 383 3031 ab.
436 2995 593 3031 Sinfiton
618 3008 636 3031 c
669 2998 674 3042 1
708 2996 881 3042 spiritum
906 2997 984 3031 abc
1020 2997 1031 3040 ΙΙ
1069 2999 1124 3031 29.
1153 2994 1300 3030 dimitte
1327 2996 1435 3030 abed
1462 2996 1473 3039 ΙΙ
1505 2999 1560 3030 30.
1588 2993 1787 3038 Synagoga
1813 2994 1866 3029 ab
1893 2995 1902 3040 η’

165 3059 221 3090 31.
248 3054 479 3100 Singillatim
505 3056 556 3090 ab
589 3057 600 3099 n
632 3059 675 3090 32
715 3055 839 3091 cautio
866 3053 1090 3099 subscriptio
1118 3056 1168 3090 ab
1196 3057 1208 3100 11
1240 3059 1292 3092 33,
1323 3053 1548 3089 contrarium
1574 3053 1685 3088 abed
1709 3055 1721 3097 ΙΙ
1750 3056 1805 3088 34.
1833 3052 1903 3087 sol-

164 3113 304 3149 lemnia
329 3126 347 3150 0
389 3117 400 3160 ΙΙ
444 3118 498 3150 37.
526 3113 674 3159 gladius
707 3126 733 3150 c.
786 3113 914 3160 gladio
947 3115 1031 3149 abd
1073 3115 1084 3159 ΙΙ
1128 3119 1182 3149 38.
1211 3114 1366 3149 estualis
1393 3115 1417 3149 d
1459 3114 1470 3158 ΙΙ
1513 3116 1568 3147 43.
1597 3111 1817 3147 Siticulosus
1843 3113 1868 3148 d
1891 3113 1903 3160 Η

167 3179 221 3209 44.
248 3185 388 3220 ponec
406 3176 417 3219 ss
437 3179 492 3210 45.
522 3173 746 3209 sententiam
772 3175 851 3210 abc
870 3176 882 3220 ΙΙ
