2170 3522
287 206 373 247 548
938 198 1152 234 GLOSSAE
1179 197 1395 231 AFFATIM

287 316 485 357 Palestra
522 314 714 354 luctatus
753 310 828 351 ubi
869 309 1061 350 athletae
1098 322 1142 350 se
1180 306 1370 349 Paustra
1403 320 1531 348 carca

347 386 569 429 exerciunt
1181 378 1334 420 Plasto
1368 377 1516 434 grauis
1549 376 1673 419 falsis
1709 376 1885 431 scriptis

286 457 538 501 Palismatis
571 457 692 498 locus
724 455 868 497 luctae
1184 449 1346 492 Planus
1381 449 1575 504 aequalis

286 531 423 585 Palpo
462 529 589 571 foueo
627 530 702 569 aut
734 526 911 568 blandio
946 528 1021 566 aut
1053 539 1145 580 per·
1182 522 1399 564 Plaustrit
1433 522 1548 576 quod
1580 521 1780 576 plaustro
1815 523 1944 562 sonat

347 604 488 644 tracto
1183 594 1344 651 Plagor
1375 593 1646 650 plagentium
1681 608 1768 635 uox
2065 603 2101 628 30

287 675 446 730 Palpat
490 672 716 715 blanditur
761 673 836 712 aut
879 685 1008 711 manu
1050 684 1145 711 con·
1183 665 1394 708 Pl'atanus
1429 679 1565 721 genus
1599 664 1768 707 arboris

347 748 511 788 tractat
1184 737 1394 780 Plataneo
1426 737 1502 779 ubi
1536 740 1639 778 sunt
1672 736 1801 778 multi
1834 736 2005 778 arboris

252 831 268 856 5
288 819 470 874 Palpare
503 816 699 858 blandire
733 815 802 856 uel
836 814 1079 856 adtractare
1186 810 1378 852 Pantera
1410 809 1522 851 retia

288 890 509 932 Pallantes
542 888 780 944 gaudentes
1185 881 1379 924 Pannica
1412 884 1529 923 terra
1562 880 1751 923 transita
1784 879 1953 922 austica

287 962 513 1003 Pallantes
536 961 676 1015 sparsi
698 960 766 1001 uel
789 959 961 1000 diuersa
981 957 1148 1013 11131011-
1187 954 1484 997 Pannicenum
1518 967 1655 1010 genus
1690 955 1757 994 est
1788 952 1928 994 uestis
2068 963 2103 989 35

348 1037 414 1075 tes
447 1034 516 1075 uel
549 1033 768 1089 fugientes
802 1030 986 1085 dispersi
1186 1026 1366 1083 Plangit
1398 1025 1592 1068 carmina
1623 1024 1770 1080 iungit
1803 1023 2000 1080 conligat

287 1105 529 1147 Palabundi
563 1107 757 1146 errantes
1186 1098 1444 1141 Plandectes
1472 1097 1619 1139 omnia
1638 1096 1828 1138 ferentes
1849 1098 2048 1138 ueterum

287 1177 461 1219 Palmas
496 1191 650 1218 manus
684 1176 749 1218 uel
785 1174 994 1217 uictorias
1248 1174 1291 1212 et
1322 1185 1485 1212 nouum
1518 1171 1833 1211 testamentum

237 1262 270 1288 10
289 1250 515 1293 Palmatus
548 1250 770 1291 laureatus
805 1249 879 1288 aut
912 1249 1147 1288 coronatus
1186 1242 1462 1285 Parsimonia
1506 1241 1727 1297 fiugalitas
1772 1240 1842 1283 uel
1888 1243 2051 1296 tempe-

287 1323 464 1366 Plaudit
497 1321 698 1363 manibus
733 1319 943 1374 conponit
1246 1315 1391 1357 rantia
1423 1314 1493 1356 uel
1528 1312 1797 1355 abstinentia

288 1396 450 1438 Plausa
481 1393 678 1436 laetitiae
712 1392 919 1433 indicium
1187 1386 1430 1442 Participat
1469 1386 1596 1427 multi
1641 1385 1936 1428 communicat
1975 1387 2105 1426 311139

289 1466 489 1510 Plaudite
524 1465 707 1522 gaudete
1247 1459 1437 1514 inpertio

288 1540 490 1582 Palteum
524 1552 697 1579 murum
730 1536 799 1578 uel
832 1534 1106 1591 fastigium¹)
1188 1531 1509 1587 Participandis
1540 1530 1736 1573 consiliis
1759 1528 2053 1572 communiter
2079 1536 2147 1567 40ιι

239 1623 272 1648 15
291 1611 491 1653 Plaudite
525 1609 725 1651 manibus
760 1607 991 1662 conponite
1252 1603 1559 1646 conferendum
1586 1617 1635 1644 eo
1659 1602 1773 1657 quod
1793 1604 1918 1657 parte
1947 1602 2053 1644 elec-

290 1683 521 1725 Placedam
557 1681 749 1736 quietem
784 1694 985 1721 somnum
1250 1676 1384 1718 tionis

291 1755 517 1797 Placidum
549 1754 691 1795 lenem
725 1754 800 1793 aut
832 1751 1121 1806 tranquillum
1192 1749 1384 1790 Parbata
1418 1747 1599 1802 cupidus

291 1826 429 1882 Plaga
462 1825 570 1868 caeli
602 1839 703 1880 pars
735 1824 805 1866 uel
838 1826 1005 1865 tractus
1190 1819 1274 1862 Par
1307 1822 1374 1861 est
1408 1821 1582 1861 constat

293 1899 431 1955 Plaga
462 1900 628 1954 partem
666 1896 773 1939 caeli
1191 1892 1334 1933 Parile
1368 1907 1448 1946 par
1481 1891 1622 1933 simile

240 1984 274 2009 20
294 1970 540 2027 Plagiarius
587 1969 660 2024 qui
705 1968 872 2010 inducit
910 1983 1067 2023 pueros
1109 1971 1152 2010 et
1192 1963 1350 2005 Parilis
1383 1963 1579 2018 aequalis

354 2042 521 2085 seducit
555 2056 704 2083 seruos
1191 2036 1291 2078 Pari
1325 2035 1497 2091 aequali
1531 2034 1667 2077 simili
2074 2045 2110 2071 45

294 2113 540 2171 Plagiarius
574 2113 647 2168 qui
682 2112 947 2166 mancipium
981 2111 1049 2152 uel
1083 2126 1150 2166 pe·
1192 2107 1568 2163 Parumperualde
1582 2105 1883 2148 modicumuel
1897 2120 2053 2160 parum

355 2202 428 2229 cus
461 2186 649 2228 alienum
676 2184 883 2226 distrahit
911 2184 1152 2226 seducendo
1193 2180 1423 2235 Paulisper
1468 2178 1705 2233 aliquantis
1750 2177 1819 2219 uel
1861 2177 2056 2232 aliquan-

295 2259 587 2315 Plangoribus
620 2256 924 2312 plantantibus
1253 2253 1372 2294 tulus

295 2332 547 2374 Placentem
573 2329 716 2371 dulcia
742 2343 791 2370 eo
814 2328 929 2383 quod
949 2328 1154 2383 placeant
1191 2324 1435 2366 Pausillum
1467 2323 1689 2365 modicum

356 2403 507 2445 edendi
1191 2397 1414 2439 Paulatim
1447 2410 1524 2451 per
1555 2397 1702 2450 partes

296 2475 550 2516 Plaustrum
591 2476 688 2515 rota
733 2475 809 2514 aut
860 2486 1032 2514 carrum
1079 2474 1155 2513 aut
1193 2469 1354 2511 Pacula
1385 2468 1510 2510 frena
2075 2476 2110 2503 50
2167 2464 2170 2471 '

356 2546 606 2588 uehiculum
1194 2542 1326 2584 Paret
1360 2540 1618 2595 obsequitur

245 2629 278 2656 25
297 2617 550 2660 Plaustrum
584 2619 836 2672 carpentum
1195 2614 1420 2656 Parentur·
1445 2611 1674 2668 proagitur

397 2738 431 2782 1)
457 2747 479 2770 a
505 2748 548 2771 ex·
575 2746 594 2770 e
619 2746 710 2771 corr.
731 2736 742 2779 ΙΙ

398 2849 426 2879 1.
455 2844 629 2879 exercent
655 2844 701 2878 110
720 2844 731 2886 ΙΙ
751 2847 782 2876 4,
813 2842 1024 2876 contrectat
1050 2842 1158 2886 aben
1178 2844 1210 2876 5.
1237 2852 1303 2876 om.
1327 2852 1346 2876 0
1368 2841 1373 2884 l
1397 2839 1610 2874 adtrectare
1636 2839 1687 2873 ab
1707 2839 1719 2883 11
1739 2841 1770 2872 6.
1797 2836 1976 2872 Palantes
1996 2848 2021 2872 a
2046 2836 2057 2882 ΙΙ

302 2908 332 2938 7.
347 2904 523 2938 Palantes
539 2904 590 2939 ab
611 2904 622 2947 {i
646 2907 696 2937 12.
714 2902 853 2935 Plausu
868 2901 914 2936 bc
933 2902 943 2944 11
967 2904 1021 2936 15.
1037 2912 1101 2936 om.
1119 2902 1164 2936 be
1188 2903 1191 2942 Ι
1214 2911 1382 2935 manusa
1401 2901 1412 2944 ΙΙ
1434 2904 1488 2934 16.
1504 2897 1698 2933 Placidam
1719 2899 1738 2933 b
1758 2897 1769 2942 ΙΙ
1791 2901 1844 2933 19.
1861 2899 1918 2932 20.
1933 2907 2001 2931 om.
2015 2895 2058 2942 011

301 2967 356 2998 23.
374 2962 500 2997 edenti
514 2964 560 2998 bc
579 2964 590 3007 ΙΙ
611 2966 665 2997 25.
682 2973 748 2997 om.
764 2973 782 2996 0
802 2962 812 3005 ΙΙ
833 2965 888 2995 26.
904 2959 1051 2994 Plastra
1066 2972 1099 2994 α.
1120 2960 1296 2994 Plaustra
1311 2961 1357 2995 bc
1380 2962 1384 3004 Ι
1408 2970 1514 2994 03113
1527 2959 1606 2994 abc
1626 2960 1637 3002 ΙΙ
1657 2961 1712 2992 27.
1729 2968 1795 2993 om.
1810 2968 1829 2992 0
1848 2957 1859 3001 ΙΙ
1879 2955 2057 3000 23111311-

302 3024 419 3056 strum
440 3034 457 3058 0
477 3024 487 3066 ΙΙ
509 3026 564 3057 30,
585 3020 849 3067 plangentium
869 3021 915 3055 bc
934 3021 953 3064 117
966 3024 1020 3054 31.
1038 3023 1093 3055 32.
1109 3031 1175 3055 om.
1192 3032 1210 3056 0
1229 3022 1240 3065 Η
1261 3024 1316 3055 32.
1331 3019 1532 3053 Plataneto
1553 3019 1605 3053 ab
1629 3018 1633 3063 Ι
1655 3016 1774 3065 multe
1795 3018 1815 3052 b
1835 3017 1846 3061 ΙΙ
1866 3019 1922 3050 34.
1939 3014 2058 3048 africa

302 3083 347 3117 bc
367 3084 377 3127 Η
398 3087 451 3117 36.
473 3082 612 3127 Pangit
637 3083 714 3117 abc
739 3083 751 3126 ss
778 3084 831 3116 37.
860 3091 926 3115 om.
954 3091 971 3115 0
995 3081 998 3123 l
1021 3079 1230 3114 Pandectes
1257 3081 1308 3115 ab
1332 3083 1336 3125 1
1359 3080 1526 3113 1101010111
1553 3079 1573 3113 b
1593 3079 1604 3122 ΙΙ
1631 3080 1687 3112 38.
1713 3074 1915 3120 frugalitas
1943 3075 2022 3110 abc
2046 3074 2058 3121 Η

303 3146 358 3177 39.
379 3142 507 3177 multis
529 3144 574 3178 bc
596 3144 600 3187 Ι
622 3141 780 3186 inpertit
799 3141 877 3176 abc
895 3142 907 3184 Η
927 3143 982 3173 40.
1004 3151 1071 3174 om.
1091 3151 1109 3175 0
1128 3142 1139 3184 11
1160 3143 1215 3174 47.
1238 3137 1514 3183 aliquantisper
1534 3139 1581 3173 be
1599 3138 1610 3182 ΙΙ
1629 3140 1688 3172 48.
1709 3133 1959 3170 Pausillulum
1980 3134 2028 3169 bc
2048 3135 2057 3179 11

303 3205 357 3236 50.
385 3201 528 3245 Pagala
555 3203 705 3246 b01152.
733 3202 937 3245 proagetur
963 3212 995 3234 α.
1035 3200 1265 3244 proagentur
1291 3199 1322 3233 b.
1361 3198 1593 3243 peragantur
1618 3198 1667 3242 011
