2170 3522
226 1028 257 1050 10

275 185 360 228 538
928 178 1142 214 GLOSSAE
1169 176 1385 212 AFFATIM

275 294 416 351 Mergi
439 293 558 337 corui
581 291 736 335 marini
752 292 821 333 uel
843 290 974 332 fustis
990 303 1134 332 serrae
1174 287 1334 343 <Malis
1369 286 1628 342 magnitudo
1663 287 1739 327 aut
1770 284 1959 327 uastitas

275 367 410 410 Micat
443 365 632 421 splendit
1174 359 1366 402 Molibus
1401 358 1516 401 saxis
2055 367 2090 393 30

279 440 444 481 Micans
477 438 624 479 lucens
658 435 830 492 fulgens
1175 432 1305 474 Modo
1340 433 1512 473 tantum

277 511 463 565 Micipsa
494 524 568 551 rex
601 507 685 550 fuit
717 506 993 549 numidarum
1174 504 1357 546 Molitur
1390 502 1585 558 disponit
1618 503 1803 544 conatur

276 581 482 624 Militaris
505 581 708 636 opinatur
726 580 766 621 id
784 581 852 621 est
866 581 993 620 uetus
1011 578 1135 620 miles
1175 575 1403 618 Molimine
1430 576 1636 617 conatum
1664 576 1740 616 aut
1767 573 1981 630 cogitatio

276 654 460 695 Militiae
495 651 734 694 amatoriae
1175 647 1385 690 Molimur
1412 645 1646 688 stetuimus
1674 647 1750 687 aut
1769 645 2036 688 fabricamus

275 726 534 768 Mimolacus
569 724 641 779 qui
676 724 820 765 minus
853 723 980 765 docet
1235 726 1309 762 aut
1341 719 1588 775 cogitamus

275 798 507 840 Minitatur
545 796 796 851 frequenter
835 795 1028 837 minatur
1061 796 1137 836 aut
1174 791 1323 834 Moliri
1357 791 1552 847 cogitare
1587 804 1742 832 conare
2056 800 2091 826 35

336 870 533 912 assiduae
568 868 760 910 minatur
1174 864 1442 906 Moliebatur
1509 862 1789 918 cogitabatur
1851 852 2037 918 tempta-

275 942 447 984 Misitat
481 941 554 996 qui
586 940 837 994 frequenter
870 938 1010 980 mittit
1234 936 1365 977 batur

277 1014 550 1056 Minotauros
579 1015 832 1054 monstruus
858 1010 971 1065 quod
995 1009 1136 1064 capite
1175 1007 1405 1049 Molimina
1437 1006 1630 1049 aedifitia

337 1086 559 1128 autrinum
584 1084 746 1126 habeat
774 1086 849 1125 aut
870 1086 1015 1125 cetera
1034 1096 1135 1137 pars
1175 1080 1333 1122 Molles
1355 1079 1630 1121 effeminatus
1653 1078 1727 1134 qui
1747 1078 1931 1120 barbam
1949 1093 2039 1120 non

338 1157 532 1213 corporis
564 1156 696 1198 homo
729 1155 814 1197 fuit
1237 1153 1340 1194 abet

278 1229 539 1286 Mysterium
574 1228 744 1270 occulta
776 1226 1087 1283 praefiguratio
1176 1224 1331 1267 Molles
1365 1224 1496 1279 uani>

280 1302 539 1358 Mysterium
579 1315 749 1342 sacrum
782 1299 824 1340 id
859 1302 925 1341 est
959 1299 1137 1341 abscon-
1175 1297 1329 1340 Mollia
1360 1297 1520 1338 blanda
2058 1305 2094 1331 40

340 1374 479 1416 ditum
1175 1370 1448 1412 Momentum
1495 1370 1625 1412 stilus
1663 1370 1710 1412 in
1749 1383 1834 1424 quo
1873 1367 2039 1410 muriae

280 1445 540 1501 Mysterium
574 1446 895 1486 sacramentum
1236 1446 1286 1485 ut
1325 1442 1593 1497 aquiacitum
1632 1442 1676 1483 in
1715 1441 1947 1483 admodum
1979 1440 2039 1482 in-

265 1517 453 1570 ,Mistice
487 1531 634 1558 sacrae
669 1516 840 1558 diuinae
1237 1515 1426 1558 clinatur
1458 1514 1722 1556 uocabulum
1756 1512 1944 1568 sumpsit

228 1602 259 1628 15
280 1588 581 1631 Misericordia
615 1588 756 1630 cordis
790 1588 1089 1631 misericordia
1178 1587 1426 1630 Monstrum
1459 1586 1715 1628 deformitas
1742 1586 2040 1627 membrorum

279 1661 500 1703 Missellus
533 1660 668 1702 miser
700 1661 769 1702 uel
803 1660 945 1702 minor
1180 1660 1396 1701 Mostrum
1431 1658 1606 1714 signum
1640 1660 1865 1700 ostensum

280 1733 610 1775 Miscellaneum
644 1732 926 1775 conmisticus
1182 1732 1415 1773 Monarcus
1448 1745 1522 1772 rex
1556 1730 1793 1786 singularis

281 1805 459 1847 Mitram
494 1819 699 1847 coronam
733 1808 808 1847 aut
842 1805 1053 1846 mitellam
1176 1803 1432 1846 Monarchia
1475 1816 1624 1859 pugna
1675 1801 1912 1858 singularis
1964 1803 2040 1843 aut
2059 1809 2095 1836 45

281 1877 416 1918 Mitra
449 1877 634 1919 amictus
669 1877 926 1932 capillorum
1240 1874 1477 1931 singularis
1510 1874 1783 1930 principatus

229 1962 263 1987 20
283 1949 531 2003 Mioparoni
564 1949 682 1992 scafa
715 1952 790 1991 aut
823 1949 979 1991 nacula
1180 1948 1330 1990 Morus
1365 1946 1495 1989 arbor

231 2321 264 2346 25

283 2021 488 2063 Mitificat
520 2022 698 2078 mitigat
733 2022 877 2063 mollit
910 2021 1081 2062 blandit
1182 2020 1307 2062 Mora
1339 2034 1517 2075 pomma

282 2093 431 2148 Myrra
464 2097 735 2149 unguentum
770 2094 839 2135 uel
867 2093 1141 2149 pigmentum
1182 2092 1378 2134 Moretur
1411 2091 1583 2133 differat

285 2165 515 2207 Modulant
546 2165 711 2208 librant
1182 2164 1449 2220 Marigerare
1483 2178 1626 2205 mores
1659 2165 1836 2218 portare

283 2237 526 2278 Modulatio
560 2237 731 2280 dulcido
764 2238 885 2279 uocis
1181 2235 1386 2278 Motilum
1427 2236 1518 2278 sine
1559 2236 1766 2278 cornibus
1799 2237 1875 2277 aut
1908 2249 2041 2277 seme-
2061 2243 2096 2270 5⁰

284 2309 508 2351 Modestus
549 2312 592 2351 et
625 2310 874 2352 moderatus
908 2326 1041 2352 unum
1075 2312 1143 2351 est
1242 2311 1445 2350 truncum

285 2380 502 2422 Modestia
534 2381 792 2423 uerecundia
1182 2380 1283 2422 Mox
1320 2380 1472 2422 statim
1505 2380 1596 2422 sine
1631 2395 1754 2422 mora
1787 2381 1863 2421 aut
1895 2377 2042 2420 subito

285 2452 537 2495 Moderatus
572 2456 715 2495 rectus
1182 2452 1436 2507 Monopolio
1471 2451 1606 2494 statio
1633 2452 1708 2494 ubi
1735 2466 1822 2493 una
1848 2465 1917 2492 res
1943 2465 2042 2492 uen-
2069 2468 2131 2499 36¹*

285 2524 509 2566 Moderare
543 2525 785 2581 gubernare
819 2524 1003 2581 regire¹)
1241 2525 1359 2566 ditur

384 2681 417 2723 1)
444 2691 534 2724 quae
558 2683 730 2715 secuntur
755 2680 860 2715 uncis
886 2679 1030 2715 inclusa
1055 2690 1100 2715 ea>
1126 2692 1149 2714 a
1174 2679 1334 2725 eaep'ressi
1353 2680 1364 2724 ΙΙ

385 2827 414 2857 1.
441 2834 506 2858 om.
535 2835 553 2858 c
583 2824 595 2867 ΙΙ
626 2827 658 2857 2.
687 2822 862 2867 splendet
888 2824 934 2858 be
964 2824 975 2867 ΙΙ
1006 2827 1036 2858 6.
1064 2822 1228 2857 Milisiae
1256 2824 1301 2858 bc
1327 2824 1338 2867 ΙΙ
1370 2825 1400 2856 7.
1427 2820 1561 2856 mimos
1588 2822 1666 2856 abc
1685 2822 1695 2865 ΙΙ
1727 2824 1780 2855 10.
1808 2820 2044 2854 Minotaurus

287 2884 337 2918 αἱ)
360 2885 365 2929 Ι
388 2884 594 2917 monstrum
622 2884 667 2918 bc
696 2886 699 2926 Ι
728 2882 876 2917 taurino
903 2883 923 2918 b
946 2884 950 2928 Ι
975 2884 1013 2917 et
1038 2895 1056 2918 c
1087 2885 1098 2927 Η
1132 2887 1187 2917 12.
1215 2894 1280 2918 om.
1308 2894 1326 2918 c
1358 2883 1369 2926 ΙΙ
1404 2887 1457 2917 13.
1486 2879 1739 2916 Ministerium
1765 2881 1817 2916 ab
1848 2881 1860 2925 ΙΙ
1895 2883 1946 2914 16.
1974 2877 2043 2912 Mi-

289 2942 401 2977 sellus
429 2944 475 2978 bc
495 2944 506 2987 ΙΙ
528 2946 580 2978 17.
610 2941 862 2977 coiimistitius
890 2954 907 2977 c
926 2944 938 2987 ΙΙ
960 2946 1015 2977 20.
1044 2942 1239 2986 Mioparon
1266 2943 1312 2978 bc
1334 2944 1338 2987 1
1362 2941 1540 2976 nauicula
1569 2942 1615 2977 bc
1634 2942 1646 2986 ΙΙ
1666 2944 1721 2976 24.
1744 2939 1904 2974 dulcedo
1931 2940 2009 2975 abc
2033 2939 2044 2986 Η

288 3008 343 3037 2³8.
371 3014 498 3047 regere
525 3004 603 3038 abc
623 3004 633 3047 ΙΙ
655 3006 709 3037 29.
737 3001 848 3036 Molis
877 3004 924 3037 bc
943 3004 954 3047 ΙΙ
974 3006 1030 3036 33,
1059 3003 1195 3036 conatu
1222 3013 1239 3037 c
1262 3005 1266 3045 1
1290 3000 1522 3046 cogitatione
1549 3002 1596 3037 bc
1614 3003 1625 3046 ΙΙ
1645 3005 1703 3036 34.
1732 2998 1934 3034 statuimus
1961 3000 2009 3034 bc
2034 2998 2046 3045 ll

290 3066 344 3096 37.
366 3061 538 3096 aedificia
565 3064 612 3098 bc
631 3063 643 3107 ΙΙ
663 3066 719 3097 38.
746 3061 872 3096 Mollis
902 3074 919 3097 c
941 3060 1044 3107 liam
1071 3072 1145 3095 nou
1172 3063 1217 3097 bc
1240 3062 1244 3106 Ι
1267 3061 1384 3096 habet
1410 3063 1456 3097 bc
1476 3062 1487 3105 Η
1509 3064 1563 3096 41.
1585 3061 1739 3094 muneta
1765 3061 1796 3095 b.
1835 3059 1977 3104 puncta
1996 3071 2014 3094 c
2038 3058 2040 3102 ξ

291 3122 332 3154 ut
357 3134 422 3156 οιιι.
451 3123 496 3157 bc
518 3123 522 3167 1
547 3121 636 3165 quia
664 3121 739 3156 cito
767 3121 969 3155 admodum
998 3122 1044 3156 bc
1066 3124 1071 3165 1
1094 3119 1298 3155 inclinatus
1325 3122 1377 3156 ab
1397 3123 1407 3166 ΙΙ
1428 3125 1483 3156 4⁶2.
1512 3132 1576 3156 om.
1605 3132 1626 3155 ct
1646 3122 1657 3165 ΙΙ
1678 3123 1734 3155 43.
1761 3119 1972 3153 Monstrum
1996 3131 2015 3154 c
2033 3119 2045 3164 ΙΙ

291 3184 345 3215 44.
375 3181 598 3215 Menarchus
627 3183 646 3217 b
666 3184 677 3227 l}
698 3186 752 3216 47.
780 3192 893 3226 poma
919 3182 964 3216 bc
984 3182 995 3226 {l
1016 3185 1070 3215 49.
1099 3179 1327 3224 Morigcrare
1356 3182 1374 3216 b
1395 3182 1406 3226 ΙΙ
1426 3183 1482 3215 50.
1512 3178 1776 3214 semitruncum
1807 3178 1854 3213 bc
1872 3179 1883 3223 l!
2081 3165 2092 3176 ”
