2170 3522
261 205 347 246 286
675 199 886 236 GLOSSAE
913 197 1097 234 CODICIS
1124 195 1483 232 SANGALLENSIS
1511 199 1578 232 912

263 313 460 356 Scribula
493 311 679 367 epistula
1154 306 1351 362 Stipatus
1377 305 1703 348 multitudinem
1729 305 2002 349 circondatus

264 386 438 428 Scilicet
470 400 513 425 re
546 396 649 424 uera
681 381 770 422 sine
804 380 933 422 dubio
1153 378 1377 434 Stipendia
1410 392 1588 419 munera
1621 392 1796 420 censum

264 457 429 499 Seisma
462 454 616 496 diuisio
651 452 867 508 separatio
1153 449 1339 509 Sti1·ps2)
1371 464 1560 505 propaco
1592 449 1797 505 prosapia

264 528 391 571 Scille
425 541 526 569 saxa
558 525 742 567 latentia
771 524 817 565 in
849 538 966 566 mare
1153 521 1320 578 Stipem
1361 522 1475 577 quod
1507 522 1557 563 de
1589 537 1725 577 paruo
1757 521 1804 563 in
1835 536 2004 564 summa
2023 531 2058 558 30

227 612 242 635 ⁵
264 599 488 654 Sciniphes
534 597 719 640 culicum
771 610 905 652 genus
952 595 1111 637 aculeis
1210 594 1388 650 colliget
1421 593 1512 636 siue
1544 591 1836 651 mendicans3)

319 670 631 726 permulestum
1152 666 1286 709 Stiria
1318 665 1546 722 stilligidia
1578 666 1725 723 gelata
2031 671 2121 704 13611

148 752 235 784 13:31²
263 744 428 786 Scitum
460 741 611 798 populi
643 741 861 783 decretum
1152 737 1293 781 Stiuio
1327 737 1518 780 tinctura

263 815 399 858 Scidit
432 813 588 856 diuidit
1153 807 1305 866 Styx4)
1338 809 1463 864 palus
1497 811 1602 864 aput
1635 808 1799 852 inferus

263 887 401 929 Scinis
433 885 714 928 tabernacula
1153 881 1277 924 Stino
1311 881 1361 922 de
1393 881 1479 923 isto
1511 881 1608 923 loco

263 959 518 1002 Sciscitatur
550 958 792 1012 interrogat
1153 953 1362 996 Stimolus
1396 953 1657 1008 conpunctio
1690 953 1911 996 insticatio
2021 963 2056 989 35

209 1044 240 1067 10
263 1030 414 1073 Scriba
444 1030 555 1086 legis
587 1029 753 1084 peritus
1153 1025 1360 1068 Stimulat
1392 1024 1547 1067 incitat
1580 1025 1782 1067 admouet

263 1103 400 1159 Spiris
433 1102 557 1145 nodis
591 1101 746 1156 quibus
781 1114 825 1142 se
851 1099 1000 1154 legant
1028 1112 1113 1139 ser·
1153 1098 1298 1153 Stipat
1331 1096 1528 1153 congerit
1561 1096 1767 1152 conponit

318 1177 470 1230 pentes
1151 1170 1350 1226 Stipante
1426 1172 1600 1212 caterua
1673 1171 2005 1224 conpraemente

264 1245 530 1301 Spicularius
563 1244 796 1287 lanciarius
1209 1242 1489 1285 multitudine

265 1317 440 1373 Spicula
472 1317 613 1360 iacula
1154 1314 1291 1370 Stipis
1325 1317 1503 1356 truncus

264 1389 486 1444 Spicolum
518 1391 647 1445 caput
680 1388 841 1444 sagitte
1152 1386 1425 1443 Stipendium
1468 1385 1661 1427 fructum
1705 1383 1868 1427 laboris
1906 1398 2004 1426 ano-
2023 1395 2059 1420 40

211 1474 243 1499 1⁵
265 1461 479 1517 Spirabile
511 1476 587 1516 per
620 1461 734 1516 quod
768 1459 960 1515 spiratur
1212 1474 1315 1501 nam

265 1533 491 1589 Spirauere
525 1534 725 1576 oluerant
1154 1530 1405 1574 Stimulatio
1438 1528 1671 1585 promissio

265 1605 436 1662 Stigma
467 1621 606 1661 poena
1153 1602 1278 1645 Stiba
1310 1601 1587 1644 manubrium
1619 1600 1756 1643 aratri

265 1676 408 1734 Stigia
439 1677 669 1719 infernalia
1154 1674 1317 1717 Stricto
1349 1673 1569 1730 pungione
1603 1673 1834 1729 euaginato
1867 1670 2006 1728 glatio

150 1758 229 1790 13ssr
265 1748 482 1806 Stigmata
512 1764 652 1804 poena
1154 1745 1345 1789 Stirania
1375 1760 1465 1788 non
1495 1746 1624 1802 longe
2031 1749 2115 1782 137r

211 1835 244 1858 20
266 1820 389 1877 Stiga
420 1821 567 1864 tunica
1154 1818 1310 1861 Socors
1345 1818 1505 1860 stultus
1537 1817 1759 1874 necligens
2024 1827 2059 1852 45

266 1892 401 1935 Stilus
429 1894 478 1935 de
507 1909 591 1949 quo
623 1892 829 1935 scribitur
855 1895 898 1934 et
925 1890 1115 1946 eloqium
1155 1890 1291 1947 Soger
1322 1889 1460 1946 patris
1492 1889 1640 1931 uxoris

323 1966 527 2007 tractoris
1155 1961 1313 2005 Socrus
1347 1964 1486 2004 mater
1519 1961 1664 2004 uxoris

265 2035 434 2079 Stridor
466 2052 596 2079 sonus
630 2051 755 2092 asper
1156 2032 1363 2076 Socordia
1396 2033 1587 2075 stultitia

267 2107 452 2150 Stimma
484 2109 662 2151 stimata
694 2107 949 2165 genealogia
1155 2105 1367 2148 Subrinus
1402 2105 1545 2160 patrui
1578 2118 1762 2161 magnus
1794 2102 1910 2145 filius

267 2179 465 2236 Stipante
499 2182 714 2237 spissante
1156 2177 1362 2233 Sogrates
1395 2177 1560 2232 primus
1592 2175 1924 2232 fylosophorum
2026 2185 2061 2211 50

213 2265 246 2290 25
268 2251 557 2308 Stipulatores
572 2252 604 2309 ¹)
637 2253 900 2296 indicatores
1156 2248 1318 2291 Sollers
1353 2251 1526 2291 astutus
1559 2248 1749 2304 uigilans

267 2323 510 2380 Stipulatus
543 2325 813 2367 testeficatus
1156 2320 1375 2364 Sollicitat
1409 2320 1552 2363 suadit

362 2505 396 2547 1)
423 2514 446 2536 u
467 2514 537 2547 pro
563 2513 584 2536 o
611 2513 700 2537 corr.
727 2514 772 2536 m.
802 2505 820 2536 1
841 2502 907 2546 112)
933 2499 946 2533 1
973 2504 1056 2535 ante
1081 2510 1105 2544 p
1132 2510 1237 2534 erasa
1256 2498 1267 2543 ΙΙ
1287 2498 1323 2542 3)
1345 2498 1453 2543 prior
1477 2509 1502 2531 n
1527 2509 1570 2532 eoe
1595 2509 1632 2531 m
1652 2501 1812 2533 correcta
1829 2498 1842 2542 ΙΙ
1860 2497 1898 2542 4)
1914 2507 1939 2541 y
1963 2507 2008 2532 ex

266 2559 278 2595 i
304 2566 462 2597 correcta
480 2563 492 2606 ΙΙ

362 2721 392 2752 1.
410 2716 579 2762 Scripula
599 2717 676 2752 abc
695 2717 706 2760 {l
726 2714 894 2759 4.Soy110
915 2727 939 2750 α
961 2716 965 2757 l
987 2713 1081 2749 mari
1103 2715 1153 2750 ab
1172 2715 1183 2760 ss
1203 2718 1235 2750 5.
1249 2713 1515 2759 permolestum
1529 2725 1548 2749 e
1566 2713 1577 2758 ΙΙ
1598 2716 1628 2749 7.
1645 2709 1775 2746 diuisit
1794 2711 1845 2746 ab
1865 2712 1877 2755 ss
1897 2714 1952 2745 11.
1968 2720 2007 2745 se

266 2776 389 2821 ligant
414 2778 463 2813 ab
483 2780 494 2823 ΙΙ
518 2781 568 2812 12.
598 2774 809 2821 Spiculator
834 2776 885 2810 ab
905 2775 915 2819 ΙΙ
940 2778 990 2810 14.
1020 2774 1211 2819 Spiculum
1237 2775 1315 2809 abc
1333 2774 1345 2818 ΙΙ
1372 2777 1426 2808 16.
1453 2784 1518 2807 om.
1546 2773 1658 2807 abed
1677 2773 1689 2816 ΙΙ
1711 2775 1764 2807 18.
1791 2769 1924 2815 Stygia
1949 2783 1973 2805 a
1997 2770 2010 2818 Η

269 2842 322 2872 19.
349 2848 491 2882 poenae
519 2837 564 2872 bc
583 2838 594 2882 ΙΙ
615 2840 668 2871 21.
691 2834 880 2879 eloquium
901 2835 977 2869 abc
996 2837 1006 2879 Η
1026 2838 1081 2869 23.
1105 2832 1264 2869 Stimina
1290 2831 1513 2877 genealogia
1532 2830 1726 2876 generatio
1751 2831 1776 2867 d
1794 2833 1805 2877 ΙΙ
1825 2834 1881 2866 26.
1902 2830 2008 2865 testi—

268 2898 398 2931 ficatus
426 2898 535 2940 czbcss
555 2899 610 2931 27.
636 2893 877 2929 multitudine
905 2893 1155 2927 circumdatus
1182 2894 1260 2927 abc
1279 2895 1290 2937 11
1311 2896 1366 2927 28.
1393 2902 1524 2925 census
1550 2891 1601 2926 ab
1621 2891 1707 2935 1129.
1733 2900 1900 2935 propago
1927 2891 1978 2925 ab
1997 2889 2010 2937 ΙΙ

269 2961 322 2992 30.
340 2955 530 3000 colligitur
543 2957 593 2990 ab
617 2956 621 3001 Ι
644 2953 865 2989 mendicitas
881 2954 935 2988 acl
954 2954 965 2997 {l
985 2957 1039 2987 31.
1057 2951 1250 2986 stillicidia
1265 2951 1347 2986 αὖά
1367 2952 1377 2995 ΙΙ
1398 2954 1452 2985 32.
1470 2949 1590 2984 8111110
1610 2950 1630 2984 b
1649 2950 1660 2994 ΙΙ
1680 2953 1733 2984 33.
1751 2948 1851 2994 apud
1870 2948 2008 2984 inferos

269 3028 289 3050 a
303 3018 322 3051 1)
353 3018 364 3061 11
398 3021 452 3051 34.
481 3015 583 3050 Stinc
609 3017 687 3050 abc
718 3017 729 3060 ss
761 3018 815 3049 35.
845 3012 1026 3047 Stim'ulus
1053 3013 1156 3056 abc}
1184 3008 1380 3054 instigatio
1408 3010 1484 3044 abc
1509 3010 1520 3053 ΙΙ
1546 3012 1600 3043 38.
1628 3007 1894 3053 comprimente
1919 3009 1972 3044 ab
1996 3008 2008 3055 ΙΙ

270 3080 324 3111 39.
353 3075 475 3120 Stipes
502 3077 552 3110 ab
572 3077 583 3120 ΙΙ
603 3078 657 3110 40.
686 3084 871 3108 annonam
898 3074 950 3108 ab
975 3074 986 3118 l}
1012 3075 1068 3106 41.
1095 3069 1300 3116 Stipulatio
1324 3069 1373 3104 ccl
1392 3071 1403 3115 ΙΙ
1429 3072 1485 3104 42.
1513 3067 1619 3103 Stiua
1645 3069 1700 3103 ad
1724 3069 1735 3113 ΙΙ
1760 3071 1817 3102 43.
1843 3067 2007 3113 pugione

270 3137 320 3170 ab
343 3135 348 3182 Ι
370 3135 496 3179 gladio
524 3136 574 3170 ab
593 3137 605 3180 ΙΙ
624 3137 680 3169 44.
707 3145 772 3169 om.
801 3133 910 3168 abed
929 3134 940 3177 ΙΙ
960 3136 1012 3166 45,
1041 3130 1244 3175 neglegens
1270 3129 1349 3164 abe
1367 3129 1380 3173 ΙΙ
1404 3131 1458 3163 46.
1488 3128 1598 3162 Socer
1623 3128 1707 3162 abd
1727 3129 1732 3172 1
1755 3128 1863 3172 pater
1886 3127 1971 3163 abd
1993 3126 2006 3174 Η

270 3198 325 3230 49.
354 3194 530 3229 Sobrinus
557 3195 639 3229 abel
658 3195 670 3239 ΙΙ
695 3199 748 3229 50,
778 3193 949 3227 Sos-rates
976 3193 1025 3226 ab
1048 3193 1053 3235 1
1075 3188 1381 3235 philosophorum
1408 3189 1458 3223 ab
1478 3189 1489 3234 ΙΙ
1509 3191 1565 3223 52.
1593 3187 1727 3222 suadet
1752 3187 1803 3222 ab
1822 3188 1834 3233 ss
