2170 3522
768 171 984 207 GLOSSAE
1011 171 1229 207 AFFATIM

121 283 173 325 In
204 282 371 325 frustra
402 282 449 324 in
480 285 628 338 partes

120 355 346 396 Inhumati
377 354 585 410 insepulti

120 426 304 469 Iubente
336 427 488 468 iuenili
521 428 665 468 aetate

121 497 241 540 Ictus
273 512 506 554 percussus
539 497 680 539 iaetus

85 581 102 606 5
120 569 366 612 Infrunitus
399 569 644 625 indigestus

121 642 290 698 Inpulit
322 641 485 697 inpigit
516 640 712 696 pulsauit

121 713 412 769 Induperator
443 713 685 769 imperator

120 785 328 828 Inuectus
360 786 588 842 ingressus

121 858 404 900 Inturbatum
435 858 664 900 interritus

71 942 104 967 10
123 929 176 972 In
207 930 428 986 uestipulo
462 930 508 972 in
540 930 740 986 ingressu

123 1002 298 1044 Inuium
332 1003 448 1058 quod
481 1002 630 1044 audire
662 1017 751 1043 non
784 1004 934 1056 potest

122 1074 339 1117 Incursati
372 1075 535 1117 incursi
568 1074 660 1117 siue
694 1073 863 1116 turbati

122 1146 402 1190 Incursantes
436 1147 710 1189 incurrentes

123 1218 356 1261 Incumbat
387 1222 536 1261 manet

71 1291 370 1334 151nuiolatus
403 1292 576 1348 integer
608 1292 801 1334 intactus

123 1363 322 1406 Ineurius
355 1379 444 1406 non
478 1365 676 1407 curiosus

125 1435 302 1479 lnibues
335 1437 526 1478 instrues

125 1507 312 1565 Iungam
345 1509 549 1564 copulem

125 1579 330 1635 Inquieta
362 1581 584 1637 ipplacata

71 1664 106 1689 20
126 1651 278 1694 Iurata
311 1654 564 1709 conspirata

126 1723 228 1766 Iura
260 1725 428 1767 dabunt
462 1726 720 1768 iudicabunt

127 1796 178 1838 111
211 1799 358 1839 tutum
392 1798 437 1839 in
471 1798 758 1853 tranquillum

126 1869 343 1925 Innuptae
376 1871 572 1927 uirgines

31 1951 99 1982 32ιι
126 1942 315 1985 Instruit
347 1946 489 1985 armat

73 2028 108 2052 25
127 2015 257 2058 1111163
290 2015 470 2058 adiuues

126 2087 389 2144 Inrumpunt
422 2089 590 2130 intrant

128 2160 325 2203 Indubiis
359 2161 466 2203 certi
502 2160 704 2202 stabibus
738 2160 875 2201 firmis

127 2231 262 2288 quue
296 2236 340 2275 et
371 2233 455 2275 hoc

127 2304 279 2361 lungit
312 2305 498 2348 innectit

75 2390 110 2414 30
129 2376 337 2421 Indubies
377 2379 481 2421 belli
521 2379 806 2420 interuallum
845 2378 886 2419 id
927 2380 995 2419 est

190 2465 275 2506 pax
307 2450 467 2492 bellem
502 2454 705 2493 anelitem

130 2521 412 2565 Innumerum
459 2523 573 2578 quod
623 2523 796 2565 dominc
848 2524 995 2578 potest

190 2595 411 2636 numerari

130 2665 360 2709 Inuisibile
394 2667 510 2722 quod
543 2667 690 2710 uidere
726 2683 815 2710 non
848 2670 996 2723 potest

1796 169 1879 212 531

1020 281 1319 324 Kariatharbe
1354 280 1489 322 ciuita

1023 353 1243 395 Kalendas
1276 352 1452 394 initium

1022 425 1231 467 Karibdis
1264 427 1406 466 testus
1439 424 1584 479 pelagi
1905 437 1939 462 35

1023 497 1267 539 Kanarides
1301 496 1483 551 antiqua
1515 496 1622 537 fides

1023 568 1244 624 Kapessas
1277 568 1462 623 incipias

1023 640 1236 682 Kaminae
1270 655 1417 683 musce

1024 712 1211 768 Kaliope
1244 727 1331 755 ima
1364 727 1415 753 ex
1446 712 1572 753 nauis
1606 711 1742 753 musis

1025 784 1238 826 Karmina
1271 784 1388 826 dicta
1906 798 1942 822 40

1025 856 1188 899 Kasses
1221 857 1334 899 retia

1026 929 1306 971 Kassiculum
1340 929 1658 984 <retiaculum>

1026 1002 1232 1044 Kalibem
1264 1001 1428 1043 ferrum

1027 1074 1195 1117 Kadere
1230 1074 1419 1116 cedendo
1453 1073 1648 1128 proferre

1027 1147 1225 1189 Karistia
1252 1147 1343 1188 dies
1370 1146 1510 1188 festus
1533 1145 1648 1187 inter
1675 1146 1889 1199 cognatus
1911 1158 1945 1182 45

1028 1219 1111 1261 Kai
1146 1220 1363 1261 cancellae

1030 1291 1197 1332 Kalone
1231 1291 1322 1347 gali
1357 1291 1547 1332 militum

1029 1363 1249 1405 Kadentia
1283 1363 1489 1418 conlapsa

1029 1435 1206 1477 Kartuli
1241 1451 1327 1491 quo
1363 1434 1524 1477 mortui
1561 1434 1803 1475 offeruntur

1031 1507 1184 1563 Kapax
1218 1507 1510 1551 memoriosus
1913 1518 1948 1543 50

1032 1579 1219 1622 Kaniser
1251 1596 1381 1622 senex

1030 1652 1383 1708 Kappadinarius
1417 1651 1695 1693 uoluntarius

1032 1724 1201 1767 Kadere
1236 1726 1368 1766 fluore
1403 1725 1584 1766 deficere

1033 1796 1153 1839 Kaus
1211 1798 1352 1853 prima,
1411 1797 1746 1839 aelimentorum
1799 1810 1896 1836 con-

1092 1870 1207 1912 fusio
1241 1870 1309 1912 uel
1346 1870 1503 1911 inferni
1537 1868 1747 1911 inferiora

1030 2085 1206 2140 <habes
1235 2087 1484 2129 euersioues
1513 2089 1589 2128 aut
1616 2086 1795 2128 morbus
1821 2088 1897 2127 aut
1919 2098 1952 2123 55

1092 2159 1321 2215 aegritudo
1357 2163 1432 2201 aut
1465 2159 1703 2212 interitus>

1032 2230 1172 2273 Labes
1208 2232 1333 2273 ruina

1032 2303 1202 2360 Lapsus
1237 2307 1304 2346 est
1338 2304 1537 2346 minatus
1571 2307 1639 2346 est

1035 2376 1221 2418 Labitur
1254 2376 1389 2418 soluit
1423 2380 1499 2419 aut
1532 2377 1649 2419 cadit
1677 2378 1753 2417 aut
1783 2375 1900 2431 fugit

1034 2449 1202 2491 Labilis
1236 2449 1432 2491 lubricus

1035 2521 1152 2563 Labe
1187 2521 1314 2563 sorde
1920 2532 1954 2555 (ιο

1034 2593 1254 2635 Labentes
1289 2593 1557 2635 maculentes

1035 2665 1182 2708 Labus
1215 2666 1340 2708 labor
1374 2665 1487 2707 sicut
1522 2680 1631 2707 onus
1665 2665 1806 2707 honor

230 2826 260 2856 1.
288 2821 410 2857 frusta
437 2834 455 2858 c
473 2824 486 2868 ΙΙ
505 2826 538 2858 3.
565 2822 721 2857 quente
749 2823 797 2857 bc
819 2824 822 2865 Ι
846 2820 1005 2856 iuuenili
1032 2821 1111 2856 abc
1130 2821 1141 2864 ΙΙ
1162 2824 1193 2856 6.
1222 2819 1385 2865 impegit
1411 2821 1430 2855 b
1451 2822 1462 2863 ΙΙ
1482 2823 1514 2854 S.
1542 2831 1608 2855 om.
1630 2831 1649 2855 e
1667 2820 1679 2864 ΙΙ
1699 2823 1730 2854 9.
1759 2830 1815 2854 om
1847 2830 1866 2854 c
1895 2819 1899 2865 Ι

130 2880 351 2916 Inturbatus
374 2882 394 2916 b
413 2883 425 2926 ΙΙ
448 2886 500 2916 10.
529 2882 572 2916 In
599 2881 790 2918 uestibulo
816 2883 896 2917 abc
920 2883 932 2927 ΙΙ
964 2886 1012 2916 11.

1042 2880 1147 2916 adire
1175 2882 1222 2917 bc
1240 2883 1252 2926 ΙΙ
1279 2885 1334 2916 13.
1364 2884 1419 2916 14.
1447 2891 1512 2915 om.
1540 2892 1558 2915 c
1577 2881 1588 2924 ΙΙ
1611 2883 1663 2914 17,
1693 2878 1842 2913 1111111163
1869 2879 1901 2914 b.

131 2940 269 2976 Inbues
290 2953 308 2977 e
327 2943 339 2987 ΙΙ
362 2946 415 2977 19.
437 2941 645 2987 implacata
666 2944 696 2978 b.
724 2942 920 2988 inplacata
939 2954 958 2977 c
976 2944 988 2987 ΙΙ
1008 2946 1064 2978 23.
1087 2945 1143 2977 25.
1165 2953 1232 2978 om.
1254 2953 1273 2977 c
1291 2943 1303 2987 ΙΙ
1323 2945 1378 2976 27.
1401 2940 1512 2976 certis
1533 2951 1552 2976 c
1573 2942 1578 2985 Ι
1601 2938 1804 2974 stabilibus
1827 2940 1874 2974 be
1891 2938 1904 2986 ΙΙ

132 3005 188 3037 28.
215 3014 282 3038 om.
309 3014 328 3038 c
372 3005 384 3047 ΙΙ
428 3006 484 3038 30.
511 3002 612 3038 bello
637 3004 816 3038 manente
843 3003 863 3038 b
907 3003 918 3046 ΙΙ
963 3005 1018 3038 31.
1047 3002 1149 3047 quod
1182 3013 1257 3037 non
1282 3002 1411 3046 potest
1442 3001 1489 3036 bc
1531 3001 1543 3044 ΙΙ
1588 3003 1644 3035 32.
1671 2998 1793 3034 uideri
1821 3000 1868 3035 be
1893 2999 1904 3018 ‘¹

1893 3029 1895 3046 l
1902 3034 1904 3045 ι

132 3066 188 3097 33.
217 3061 354 3097 ciuitas
381 3063 459 3098 abc
488 3063 499 3108 ΙΙ
531 3067 588 3097 35.
616 3064 744 3098 aestus
771 3074 801 3099 c.
853 3063 956 3097 estus
983 3063 1003 3098 b
1035 3064 1047 3108 ΙΙ
1078 3066 1135 3098 38.
1163 3072 1293 3096 musae
1321 3062 1367 3096 be
1386 3062 1397 3105 ΙΙ
1418 3064 1473 3095 39.
1501 3058 1610 3094 nouis
1637 3071 1655 3095 c
1674 3062 1685 3106 ΙΙ
1705 3063 1762 3094 42.
1790 3058 1903 3094 retia-

133 3121 257 3157 culum
286 3134 353 3159 om.
380 3135 403 3157 a
428 3124 440 3169 ΙΙ
471 3127 528 3158 45.
558 3124 742 3168 cognatos
769 3123 847 3159 abe
877 3124 889 3168 ΙΙ
922 3126 978 3158 47.
1005 3121 1172 3156 Kalones
1199 3122 1249 3157 bc
1271 3125 1276 3166 Ι
1299 3120 1433 3166 galeae
1459 3132 1487 3156 c.
1527 3119 1628 3168 galie
1655 3120 1676 3155 b
1696 3120 1707 3164 ΙΙ
1727 3124 1783 3155 49.
1811 3119 1904 3153 Kar-

132 3182 254 3218 tulum
281 3183 328 3219 bc
347 3185 358 3229 ΙΙ
379 3185 435 3218 54.
462 3182 564 3218 Kaos
590 3194 609 3218 c
627 3185 639 3229 ΙΙ
661 3187 717 3218 61.
743 3194 811 3219 om.
838 3194 857 3218 e
876 3185 887 3229 ΙΙ
908 3186 964 3218 62.
990 3181 1115 3217 Labos
1141 3183 1188 3218 bc
1209 3185 1214 3226 1
1236 3181 1355 3216 honos
1382 3180 1502 3215 honor
1526 3191 1545 3216 e
1564 3182 1575 3224 ΙΙ

1542 3239 1616 3276 34*
