2170 3522
163 672 224 703 831

196 1107 228 1131 10

196 1464 229 1489 15

197 1969 230 1993 :20

252 197 336 237 loo

249 305 420 347 Inuium
453 304 565 358 quod
597 302 743 343 adheri
775 316 863 343 non
894 304 1041 356 potest

249 377 425 418 Inuidus
470 375 675 417 hodiosus
721 376 796 414 aut
840 373 893 414 ad
936 372 1102 414 inuidia

308 448 470 489 zelatus

248 520 383 561 Inulti
415 533 502 559 non
534 517 743 558 uindicati

251 590 459 644 [Inuidiae
492 588 812 644 negotiationes

248 662 554 703 Incunctanter
586 660 884 701 indubitanter

248 733 440 774 Infessus
473 732 732 786 inportunus

247 804 520 846 Insociauilis
554 803 626 858 qui
655 803 808 845 sociari
842 818 930 845 non
954 806 1101 858 potest

247 876 470 917 Instaurat
502 879 675 930 reparat

247 948 510 990 Internuntii
545 948 617 1002 qui
648 949 761 990 inter
786 951 933 1003 partes
959 948 1101 990 nuntii

307 1020 507 1062 adferunt

248 1091 523 1146 Inposterum
556 1095 780 1147 posterum

246 1162 453 1204 Innoxius
488 1164 655 1205 solutus

247 1234 473 1276 Interlitus
506 1235 773 1276 interlinitus

247 1306 471 1349 Inuectere
504 1306 705 1348 lacersire
739 1307 807 1348 uel
842 1307 1046 1348 insidiare

246 1378 396 1420 Inurre
428 1378 661 1434 inprimere

248 1449 358 1491 Inua
390 1451 557 1492 inuasio

248 1521 420 1563 Inuisus
464 1522 670 1564 hodiosus
717 1526 792 1564 aut
836 1523 1001 1565 inuidia
1041 1539 1103 1565 ze—

306 1594 422 1635 latus
457 1597 531 1635 aut
562 1610 649 1636 non
681 1595 800 1636 uisus

248 1665 498 1707 quentaria
541 1666 681 1708 facilis
722 1670 797 1708 aut
843 1667 1101 1709 inuenienda

308 1753 376 1779 res

248 1809 469 1852 Inuestem
500 1810 723 1852 inuerbem

248 1881 412 1923 Inuado
446 1882 644 1924 insecuro

249 1953 445 2007 Inueitur
476 1953 616 1995 facilis
650 1956 725 1995 aut
750 1953 1008 1995 inuenienda
1035 1969 1102 1995 res

307 2025 446 2067 fertur
497 2029 571 2067 aut
624 2025 769 2067 uerbis
826 2026 1102 2067 mordacibus

308 2097 447 2139 fertur

249 2168 510 2210 Inuenustus
543 2169 740 2224 ingratus

249 2239 530 2282 Inueniundis
564 2241 876 2295 inuestigandis

250 2311 449 2354 Inuolare
481 2312 650 2354 inuolat
679 2312 792 2353 idem
818 2313 863 2353 in
889 2328 1018 2354 manu
1044 2313 1104 2354 in-

311 2383 445 2424 cludit

252 2453 376 2495 Inuia
408 2455 573 2497 incerta
604 2456 673 2497 uel
707 2471 859 2510 aspera

718 192 930 228 GLOSSAE
958 192 1142 227 CODICIS
1167 191 1403 227 VATICANI
1430 196 1521 227 3321

1139 302 1363 357 Ingluuies
1413 301 1590 343 horrida
1633 302 1890 345 uoracitatis
1934 303 1996 345 ni-

1199 373 1353 415 mietas

1139 445 1345 501 Ingruere
1378 445 1588 488 inminere

1138 517 1381 571 Inpendens
1414 517 1644 559 imminens

1139 588 1350 644 Indagare
1384 589 1601 644 inquirere

1138 660 1468 703 lneursantibus
1502 661 1823 703 incurrentibus

1139 731 1368 774 Incursant
1401 733 1712 788 superueniunt

1139 804 1313 846 Intristi
1345 805 1513 859 parasti

1140 875 1304 917 Incessi
1337 876 1479 918 inuasi

1139 946 1303 989 Inertia
1336 948 1515 990 affectus
1549 948 1617 989 uel
1650 948 1767 1002 lesus

1139 1019 1306 1061 Innuua
1338 1020 1464 1076 uirgo
1497 1019 1581 1062 1100
1615 1021 1679 1060 est
1711 1019 1921 1062 innuuata

1140 1091 1358 1132 Inalentes
1391 1091 1635 1146 perolentes

1140 1162 1373 1204 Inhumata
1396 1163 1623 1218 ¹insepulta

1139 1234 1318 1276 Incassu
1351 1235 1442 1276 sine
1476 1249 1604 1276 causa

1138 1307 1270 1348 Inane
1304 1307 1570 1361 superfluum

1140 1378 1343 1419 Interluit
1375 1378 1597 1433 perfundit

1141 1450 1191 1492 In
1224 1450 1490 1505 abbruptum
1522 1450 1566 1491 in
1598 1449 1862 1504 profundum

1140 1522 1408 1564 Infabricata
1439 1521 1716 1576 inconposita

1141 1595 1419 1650 Ingeminant
1453 1594 1614 1634 iterant

1140 1667 1418 1723 Ingeminans
1452 1666 1611 1706 iterato
1645 1680 1805 1707 uocans

1138 1739 1336 1781 Incendit
1368 1737 1576 1779 excitauit

1139 1811 1361 1853 Inualidus
1394 1809 1580 1851 uitiosus

1140 1883 1390 1924 Instaurare
1422 1895 1631 1923 renouare

1141 1955 1313 1997 Incudis
1347 1968 1491 1995 massa
1522 1953 1626 1994 ferri
1657 1952 1819 1994 librata

1141 2027 1326 2083 Inopina
1357 2025 1571 2080 inspirata
1603 2024 1672 2066 uel
1704 2024 1929 2079 inprouisa

1141 2099 1391 2154 Inexpletus
1424 2096 1687 2138 insatiauilis

1142 2171 1371 2226 Indulgere
1405 2184 1581 2224 operam
1612 2169 1712 2209 dare

1143 2241 1361 2298 Inglorios
1393 2255 1481 2281 non
1512 2254 1712 2295 pugnans

1142 2313 1360 2355 Innabant
1391 2311 1603 2353 natabant

1142 2385 1363 2439 Innoquae
1396 2383 1584 2424 inlaesae

1143 2455 1447 2497 Inextricauile
1480 2455 1782 2510 inexplicauile

351 2590 379 2619 1.
408 2584 504 2618 adiri
531 2596 605 2619 non
631 2597 664 2619 (ι.
705 2584 812 2619 adirfi
839 2596 911 2618 11011
938 2596 955 2619 c
987 2588 998 2630 ΙΙ
1031 2590 1061 2620 2.
1089 2584 1236 2619 Inuisus
1262 2585 1312 2619 cd
1347 2586 1350 2625 Ι
1387 2583 1537 2618 odiosus
1564 2585 1644 2619 acd
1671 2585 1676 2629 Ι
1705 2583 1766 2617 uel
1791 2595 1820 2618 c.
1847 2595 1912 2618 om.
1939 2596 1963 2619 a
1992 2584 1995 2630 Ι

253 2643 300 2676 ab
326 2644 406 2678 aed
437 2648 441 2686 Ι
473 2643 614 2678 zelotns
640 2656 659 2679 c
695 2646 706 2689 ΙΙ
744 2649 775 2678 4.
803 2643 938 2678 Inuitie
965 2657 987 2679 α
1025 2647 1036 2690 ΙΙ
1075 2650 1106 2680 7.
1133 2643 1394 2679 Insauciabilis
1420 2656 1443 2678 α
1473 2645 1477 2688 1
1511 2642 1672 2677 sauciari
1698 2655 1721 2678 a
1757 2645 1769 2689 ΙΙ
1807 2647 1838 2678 9.
1864 2642 1999 2677 nuntia

252 2703 376 2737 serunt
398 2716 420 2738 α
439 2705 451 2748 ΙΙ
471 2708 526 2738 10.
553 2704 745 2748 Inpostero
771 2705 922 2748 postera
944 2717 965 2738 (ι
985 2706 996 2748 ΙΙ
1019 2709 1072 2739 12.
1100 2717 1165 2740 om.
1189 2717 1211 2740 a
1230 2705 1241 2749 ΙΙ
1265 2710 1316 2739 13.
1345 2704 1497 2738 Inueere
1518 2716 1541 2738 a
1563 2705 1568 2749 1
1590 2701 1765 2737 lacessire
1785 2715 1808 2737 (ι
1830 2705 1834 2747 Ι
1857 2702 1919 2737 uel
1942 2701 1997 2736 in-

253 2762 390 2797 sidiare
417 2776 482 2798 om.
510 2776 532 2798 a
552 2765 563 2809 ΙΙ
586 2769 638 2799 15.
666 2763 860 2797 inuasione
887 2776 910 2798 α
941 2766 953 2809 ΙΙ
988 2768 1037 2797 16.
1068 2764 1219 2798 odiosus
1245 2777 1268 2799 a
1291 2768 1294 2806 Ι
1318 2765 1384 2814 aut
1412 2785 1452 2788 —-
1480 2762 1584 2797 uisus
1610 2774 1676 2798 om.
1703 2775 1727 2797 a
1745 2764 1757 2807 Η
1784 2767 1838 2797 17.
1866 2762 1914 2796 ad
1939 2774 1963 2797 α
1987 2761 1999 2809 Η

256 2827 307 2857 18.
342 2823 534 2857 inberbem
567 2836 590 2858 a
633 2825 645 2868 ss
688 2827 743 2857 20.
775 2823 955 2857 Inuentur
988 2823 1105 2858 fertur

1143 2835 1189 2858 an
1229 2823 1382 2858 uerbum
1421 2822 1658 2858 mordacibus
1692 2821 1908 2856 stimulatur
1939 2834 1962 2857 a
1986 2822 1998 2869 Η

254 2886 308 2917 2⁶3.
336 2882 573 2917 Inueniendis
600 2895 624 2917 α
667 2884 677 2927 ΙΙ
722 2887 776 2917 23.
804 2881 970 2916 inuolam
1002 2882 1102 2918 idest
1127 2897 1151 2919 (ι
1193 2886 1205 2929 ΙΙ
1249 2888 1303 2918 24.
1331 2883 1392 2917 uel
1424 2895 1490 2919 om.
1519 2896 1542 2918 α
1584 2884 1596 2928 ΙΙ
1640 2885 1694 2917 25.
1721 2881 1913 2926 Inglubies
1938 2893 1962 2916 a
1991 2881 1995 2928 Ι

254 2942 377 2976 orrida
403 2955 426 2977 a
457 2945 468 2987 Ι]
500 2947 557 2978 34.
584 2941 732 2986 Inergia
757 2954 781 2976 α
803 2944 807 2987 Ι
831 2942 891 2976 1101
916 2954 982 2978 om.
1010 2956 1033 2977 a
1064 2944 1074 2987 ΙΙ
1107 2947 1162 2977 35.
1190 2943 1308 2977 Inuba
1334 2955 1357 2977 α
1386 2945 1390 2987 1
1419 2942 1602 2977 innubata
1626 2942 1697 2976 hoc
1723 2942 1780 2975 est
1806 2940 1913 2985 uirgo
1939 2953 1963 2976 a
1986 2940 1998 2988 ΙΙ

255 3006 309 3035 36.
337 3002 526 3036 lnalantes
553 3015 577 3037 a
614 3003 624 3046 ΙΙ
663 3006 718 3037 37.
745 3001 918 3035 Inumata
943 3014 967 3036 a
998 3004 1009 3048 ΙΙ
1041 3008 1096 3038 41.
1124 3002 1369 3046 Inabruptum
1397 3015 1420 3036 α
1448 3004 1453 3047 1
1486 3003 1649 3047 sequitur
1673 3002 1715 3035 in
1740 3013 1780 3035 a:
1805 2999 1836 3033 Ii
1862 2999 1958 3034 uade
1983 3000 1995 3046 ξ]

254 3064 308 3095 44.
336 3063 446 3096 uocat
472 3074 495 3097 a
538 3064 549 3107 ΙΙ
592 3067 647 3096 46.
674 3063 838 3107 sequitur
863 3062 903 3096 in
929 3074 969 3096 a:
1004 3062 1135 3106 Iugum
1168 3062 1305 3096 collum
1348 3063 1359 3106 Η
1403 3065 1458 3096 48.
1485 3060 1631 3095 ferrarii
1662 3061 1739 3095 sine
1768 3058 1910 3093 librata
1935 3071 1959 3094 α
1983 3059 1995 3106 Η

255 3123 309 3154 50.
337 3120 563 3155 insatiabilis
590 3134 613 3156 α
631 3123 643 3166 ΙΙ
669 3125 725 3155 52.
752 3120 937 3165 Inglorius
964 3134 985 3156 cc
1018 3124 1028 3168 ΙΙ
1060 3126 1115 3156 54.

255 3179 374 3213 cabile
401 3193 423 3215 ιι
443 3183 454 3226 ΙΙ

1143 3122 1303 3156 Innocue
1329 3134 1352 3156 α
1386 3122 1396 3166 ΙΙ
1429 3125 1483 3156 55.
1511 3117 1812 3155 inextricabilem
1838 3117 1995 3163 inexpli-

2016 314 2050 340 25

2016 673 2051 698 30

2015 1033 2050 1059 35

2023 1101 2090 1132 831¹

2016 1393 2051 1418 40

2016 1751 2052 1776 45

2017 2110 2052 2135 50

2017 2468 2051 2494 55
