2232 3548
385 210 519 245 XXXII
1118 205 1389 242 PRAEFATIO

384 321 546 361 nomme
575 319 650 360 leae
677 318 835 372 ylossac
859 331 885 358 a
911 318 1036 359 doctis
1068 317 1294 359 laudantem·
1319 320 1357 359 ct
1384 317 1576 369 fortassis
1599 331 1657 359 ari
1681 320 1778 359 szmt
1802 317 1978 372 Placidi,
2009 319 2131 360 inter-

376 392 507 444 pretis
550 390 773 431 Thebaidos
810 392 846 430 ct
881 388 1129 430 Achilleidos
1168 388 1345 442 Papinii
1383 387 1550 430 Surculi
1581 387 1724 431 Statii:
1765 403 1872 443 quae
1910 388 2042 430 verba
2079 403 2131 430 ex

384 464 506 515 parte
546 459 923 514 Lindcnbrogii
969 461 1071 500 sunt
1109 457 1180 513 (cf.
1213 458 1344 513 praef.
1380 457 1488 500 Stat.
1527 474 1566 513 p.
1602 461 1660 515 1).
1728 459 1916 501 Easdem
1960 458 2130 515 glossas

385 532 541 572 fratres
569 530 602 571 L
613 532 670 571 ab
685 530 794 571 baei
822 544 919 571 cum
947 529 1069 570 cdere
1096 529 1274 584 Vellent,
1301 530 1478 585 scripsit
1506 529 1717 587 Scaliger:
1750 532 1845 573 illae
1865 531 2024 584 ylossae
2047 543 2131 572 reon

385 604 526 655 magni
569 602 761 643 momenta·
803 604 918 655 sunt,
967 601 1014 642 clo
1056 601 1202 654 quibus
1245 615 1399 643 mecum
1443 602 1532 655 apsis
1566 603 1786 656 postremis
1830 602 1928 656 tais,
1975 600 2130 643 Garolc.

385 673 582 714 Poterant
606 675 740 713 tamon
766 672 853 713 sinc
873 672 1023 722 fraudo
1047 673 1104 714 acl
1127 673 1273 714 calcem
1299 674 1441 727 mayni
1467 673 1584 714 toxici
1608 673 1775 714 subiici:
1807 673 1878 714 sed
1899 672 2129 725 selectiores,

385 758 464 785 own
500 757 647 785 (menes.
706 743 762 784 Iu
798 741 1007 784 Glossarii
1038 746 1173 784 autom
1206 743 1488 785 Graecolotirzi
1518 747 1555 785 ct
1584 744 1876 797 Latinoyraeci
1904 743 2131 785 sociotatem

384 829 466 856 ownv
497 817 594 856 sunt
623 814 867 855 admittendi
896 814 1110 866 scriptores
1133 815 1368 868 proletarii,
1400 815 1470 856 scd
1498 815 1668 856 classici.
1721 812 1783 855 Cf.
1811 828 1919 869 quae
1951 813 2131 868 exposui

383 885 801 941 ‘Sitzungsberichte
835 885 909 926 der
941 884 992 925 K.
1027 884 1067 926 S.
1102 884 1199 927 Ges.
1233 885 1269 926 d.
1302 884 1373 926 W.
1408 884 1536 927 1888’
1570 901 1609 940 p.
1642 886 1727 927 228
1745 899 1808 939 sq.

502 956 757 998 Recentiore
804 958 946 997 aetate
989 956 1072 997 hoc
1119 955 1381 1011 glossarium
1425 956 1574 1010 paucis
1620 956 1827 998 tractavit
1869 956 2130 998 Vsenerus

383 1028 490 1070 Mus.
524 1028 660 1070 Rhen.
693 1027 775 1068 vol.
809 1028 864 1068 23
900 1025 954 1082 (a.
991 1027 1121 1081 1868)
1156 1042 1195 1081 p.
1229 1027 1326 1068 677.

502 1097 680 1141 Codices
712 1099 757 1139 in
789 1099 893 1139 duas
927 1098 1086 1139 classes
1121 1097 1259 1153 digeri
1290 1101 1493 1153 possunt:
1526 1098 1684 1153 prioris
1712 1099 1863 1141 classis
1891 1101 1993 1140 sunt
2018 1098 2130 1140 Lei-

383 1170 554 1212 densis
589 1169 685 1211 (NF
725 1172 769 1211 et
807 1168 1148 1211 Carnotensis
1189 1168 1272 1225 (α),
1315 1170 1572 1224 posterioris
1611 1170 1898 1212 Beruenses
1939 1170 2022 1212 258
2056 1168 2129 1226 (b),

383 1243 485 1292 224,
515 1240 762 1282 Vossiani
788 1240 860 1282 fol.
887 1241 942 1282 26
965 1239 1037 1296 (c),
1074 1240 1167 1282 Oct.
1196 1241 1268 1295 74,
1299 1239 1573 1283 Parisinus
1601 1241 1675 1282 lat.
1702 1242 1836 1297 2326,
1862 1243 1912 1283 ut
1938 1241 2128 1296 reliquos

383 1313 567 1354 mittam.
641 1311 766 1353 Prior
811 1311 960 1353 classis
1008 1311 1232 1365 aliquanto
1279 1312 1524 1367 corruptior
1568 1315 1652 1354 est:
1699 1313 1773 1354 sed
1814 1313 2128 1355 emendationis

382 1384 581 1439 vestigiis
621 1386 756 1437 caret,
792 1382 878 1423 nisi
917 1383 1031 1437 quod
1070 1382 1240 1437 saepius
1281 1383 1388 1424 duae
1428 1383 1599 1439 glossae
1638 1384 1917 1426 lemmatibus
1947 1383 2127 1439 paribus

383 1456 543 1497 omisso
572 1455 708 1496 altero
736 1454 938 1495 lemmate
966 1457 1067 1495 sunt
1094 1456 1357 1496 contractae.
1409 1453 1561 1495 Altera
1587 1454 1739 1496 classis
1761 1457 1828 1496 est
1849 1454 2129 1509 emendatior,

389 1527 461 1568 sed
494 1529 542 1567 ut
581 1524 832 1580 saepissime
866 1525 1055 1579 suspicio
1088 1528 1333 1579 moveatur,
1371 1524 1557 1566 formam
1591 1526 1864 1567 emendatam
1895 1525 2130 1568 correctori

383 1597 539 1638 deberi.
590 1597 658 1638 Ex
689 1595 817 1637 11111115
851 1598 996 1636 autem
1029 1596 1181 1637 classis
1211 1596 1430 1637 codicibus
1458 1595 1689 1638 similiores
1717 1599 1818 1638 sunt
1843 1595 2130 1652 Parisinus,

383 1668 669 1709 Vossianus
704 1666 798 1708 Oct.
827 1667 899 1721 74,
932 1666 1222 1708 Vossianus
1255 1666 1347 1708 Fol.
1375 1667 1449 1717 26,
1481 1667 1566 1708 11151
1604 1668 1718 1722 quod
1751 1667 1999 1709 Vossiani
2032 1667 2129 1720 duo,

383 1740 568 1780 maxime
595 1738 824 1793 posterior,
856 1738 1034 1791 insuper
1060 1737 1242 1780 licenter
1274 1737 1433 1778 mutati
1465 1740 1567 1778 sunt
1599 1738 1757 1793 glossis
1791 1738 2006 1780 similibus
2034 1752 2130 1779 con-

382 1811 533 1852 tractis
561 1813 603 1852 et
630 1810 811 1865 integris
840 1810 1084 1865 glossarum
1112 1809 1333 1851 ordinibus
1357 1809 1420 1865 (in
1439 1808 1600 1850 litteris
1622 1808 1661 1864 I,
1682 1808 1734 1863 L,
1754 1808 1818 1863 M,
1838 1808 1898 1863 N,
1920 1807 1975 1863 O,
1993 1807 2047 1863 P,
2067 1807 2128 1863 V)

381 1881 571 1922 adiectis.
623 1880 1016 1922 Emendatissimus
1050 1883 1117 1922 est
1150 1881 1283 1922 codex
1308 1880 1588 1922 Bernensis
1622 1881 1726 1922 224:
1761 1880 1834 1921 sed
1861 1895 1945 1934 quo
1971 1879 2130 1922 tersior

384 1955 450 1994 cst
483 1967 532 1993 co
566 1954 631 1993 est
664 1951 924 2006 suspectior:
957 1966 1112 2006 nempe
1146 1954 1365 1993 correctus
1398 1954 1447 1992 ut
1479 1951 1650 1993 videtur
1676 1954 1752 1993 aut
1778 1951 1950 1993 aliunde
1977 1953 2052 1993 aut
2078 1964 2130 1992 ex

383 2023 489 2077 ipsis
522 2023 680 2077 glossis
715 2021 1014 2064 eabstrusa’.
1066 2020 1198 2064 Cuius
1231 2022 1556 2064 retractationis
1589 2037 1722 2064 unum
1750 2022 1906 2064 saltem
1931 2037 2128 2077 promam

384 2094 638 2148 exemplum.
690 2093 735 2134 P.
762 2093 860 2147 501,
889 2094 1063 2134 50—52
1097 2108 1203 2148 quas
1236 2094 1404 2150 glossas
1438 2093 1653 2147 pleniores
1681 2093 1856 2135 exhibet
1888 2092 1926 2135 si
1958 2108 2129 2148 compa-

384 2180 528 2206 ramus
575 2179 672 2206 cum
713 2180 751 2219 p.
784 2164 858 2215 46,
892 2165 1097 2219 37-—39,
1136 2165 1395 2219 scripturam
1433 2165 1588 2219 officia,
1632 2179 1710 2219 pro
1751 2178 1836 2218 qua
1866 2164 2018 2217 populo
2057 2178 2124 2206 ex-

382 2238 617 2289 pectamus,
639 2235 911 2276 mirabimur:
933 2235 1176 2277 desinemus
1198 2236 1347 2277 mirari
1368 2236 1528 2278 collata
1547 2235 1694 2290 glossa
1712 2250 1752 2290 p.
1768 2236 1836 2288 47,
1856 2235 1908 2276 15
1929 2234 2127 2277 Curiones

381 2308 536 2359 officia:
579 2306 785 2346 nimirum
822 2307 1190 2348 contaminatione
1226 2307 1301 2348 illa
1331 2307 1547 2361 scriptura
1577 2305 1728 2348 effecta
1757 2308 1835 2346 est.
1873 2330 1920 2335 —
1956 2305 2025 2348 Ex
2055 2306 2124 2347 his

383 2377 520 2432 igitur
540 2377 664 2418 libris
687 2377 797 2432 clegi
818 2380 906 2419 tres
928 2393 1112 2432 quorum
1132 2379 1391 2433 potiorem
1411 2376 1818 2431 discrepantiam
1838 2391 2126 2432 excerperem:

382 2446 769 2502 Carnotcnsem,
801 2448 1112 2490 Bernensem
1140 2450 1244 2502 258,
1276 2449 1588 2490 Vossianum
1615 2447 1704 2489 Fol.
1731 2448 1786 2488 26
1815 2445 1954 2503 (0111115
1981 2451 2127 2490 tamen

380 2518 740 2572 interpolationes
774 2519 948 2561 omnino
980 2518 1184 2575 neglexi).
1247 2519 1452 2561 Dubitari
1484 2518 1629 2574 potuit
1661 2520 1807 2559 utrum
1840 2518 2126 2560 Vossianus

383 2588 476 2631 Oct.
500 2590 555 2630 74
582 2604 635 2630 an
663 2589 950 2631 Vossianus
974 2590 1066 2632 1001.
1088 2592 1143 2632 26
1170 2591 1477 2646 praeferretur:
1505 2590 1577 2631 sed
1605 2604 1702 2631 cum
1727 2589 1985 2645 neglectis
2013 2605 2127 2632 con-

382 2660 736 2702 tractionibus
764 2661 943 2702 minima
970 2662 1262 2716 discrepantia
1282 2661 1564 2716 relinquatur,
1590 2661 1874 2702 recentiorem
1895 2660 2127 2703 vetustiori

383 2732 529 2772 cedere
564 2732 707 2772 malui.
759 2732 1072 2774 Bernensem
1093 2734 1179 2774 224
1206 2732 1436 2786 aliquoties
1463 2732 1659 2787 adhibui,
1691 2731 1767 2773 ubi
1795 2731 1884 2773 eius
1911 2731 2127 2786 scriptura

382 2802 620 2843 notabilior
652 2817 743 2844 csse
778 2803 1006 2845 videretur.
1058 2804 1243 2845 Omnino
1272 2803 1436 2857 curavi,
1467 2805 1517 2843 ut
1548 2803 1594 2844 in
1625 2803 1708 2844 hoc
1741 2802 1972 2858 glossario,
2003 2802 2124 2844 cuius

382 2871 558 2913 dimidia
596 2888 695 2927 pars
729 2888 779 2915 ex
812 2874 970 2928 glossis
1003 2873 1290 2915 ‘abstrusa'
1323 2873 1536 2928 fluxisset,
1575 2875 1810 2928 apparatus
1848 2875 1963 2915 esset
1995 2887 2124 2927 quam

384 2943 676 2985 brevissimus.

1219 3004 1294 3046 IV.

501 3089 525 3135 ,ξ
549 3086 612 3127 19.
664 3085 745 3127 ΙΙ18
766 3086 990 3141 glossariis
1017 3087 1319 3141 appendicis
1346 3087 1485 3128 instar
1510 3084 1646 3126 adieci
1673 3085 1957 3140 specimina
1989 3084 2035 3142 1)
2057 3100 2123 3128 co-

382 3155 488 3196 dicis
510 3155 840 3197 Ambrosiani
861 3156 908 3198 Β.
929 3158 980 3199 31
1005 3173 1116 3213 sup,
1143 3155 1188 3213 2)
1211 3158 1455 3213 glossarum
1483 3155 1786 3212 ‘asbestos'3
1810 3155 1857 3213 3)
1878 3156 2122 3212 glossarum
