2170 3522
280 177 362 218 154
745 177 956 212 GLOSSAE
984 177 1169 212 CODICIS
1196 177 1428 213 VATICANI
1455 183 1547 214 3321

275 287 543 330 Praesidium
564 288 812 344 perfugium
834 288 902 329 1161
921 287 1132 329 auxilium
1170 288 1445 330 Praestruxit
1477 289 1803 344 praeordinauit

275 360 500 402 Praesules
534 359 695 401 iudices
729 359 782 401 ab
817 374 867 401 eo
895 360 1010 415 quod
1039 375 1131 416 pre-
1168 360 1386 403 Praefecit
1418 361 1673 417 praeposuit

336 435 436 474 sunt
470 431 628 473 iudicio
1170 433 1486 490 Praerogatiua
1524 433 1783 476 beneficium
1824 437 1923 476 ante
1957 436 2030 477 ob-

277 504 452 545 Praesul
486 504 610 545 iudex
1228 505 1367 548 latum
1414 521 1542 561 quem
1587 506 1624 547 si
1666 506 1903 549 reddideris
1942 507 2030 548 iam

276 576 449 617 Praetio
481 591 621 631 poena
1228 593 1316 620 non
1349 580 1416 620 est
1447 578 1779 634 prerogatiuum

239 660 254 682 f·
274 648 540 703 Praestigiae
575 648 662 689 doli
696 648 876 690 insidiae
1170 649 1499 692 Praeiudicatus
1534 653 1633 693 ante
1666 650 1883 693 iudicatus

275 719 493 771 [Praestat
526 719 645 774 prius
679 723 745 762 est
1169 722 1435 764 Praeterluit
1467 723 1589 764 iuxta
1621 723 1719 765 fluit

272 792 539 847 Praedignus
574 795 774 835 aeternus
1169 794 1499 836 Praetermeant
1532 795 1648 850 quod
1683 810 1815 851 supra

270 863 492 905 Praetium
525 865 743 919 possessio
776 867 845 908 uel
879 867 999 909 diues
1170 866 1488 922 Preproperum
1510 867 1778 909 antefactum
1800 868 1915 923 quod
1937 870 2030 910 erat
2049 882 2084 907 30

270 935 529 978 Praesciuus
561 938 742 992 pulcher
775 939 843 981 ue]
878 939 992 981 altus
1227 942 1381 994 postea
1407 939 1652 982 faciendum

155 1016 236 1046 127Γ
270 1007 576 1062 Perpetratum
609 1011 875 1053 conmissum
1167 1010 1507 1068 P1·aepr0pere¹)
1540 1012 1785 1067 inordinate
1823 1015 1898 1054 aut
1935 1027 2029 1068 per-

219 1080 506 1123 11Praetentu
539 1083 787 1137 anteposito
1227 1099 1378 1126 uersae
1411 1084 1480 1127 uel
1514 1084 1699 1126 festinae

270 1152 518 1195 Praemium
551 1156 751 1209 pronatio
786 1156 990 1198 dictionis
1167 1156 1433 1198 Praeterfuit
1465 1156 1704 1212 praeterita

269 1224 562 1281 Praestigium
595 1227 764 1270 falsitas
798 1229 1071 1272 mendacium
1167 1229 1494 1285 Praescriptum
1526 1228 1814 1284 prestitutum

268 1296 533 1352 Praeceptor
569 1300 780 1356 magister
1168 1302 1453 1357 Praeopimus
1491 1300 1774 1357 praepinguis
1813 1300 1883 1342 uel
1916 1299 2030 1355 copi-

216 1381 248 1406 15
268 1369 497 1413 Praedicat
530 1372 738 1415 antedicit
1230 1389 1331 1417 osus

267 1441 512 1485 Praedones
548 1460 655 1499 quae
688 1447 873 1501 predant
1166 1446 1484 1502 Praerogat-iua
1540 1445 1844 1488 excellentiam
1904 1444 2028 1486 meri-
2047 1460 2083 1487 35

269 1514 469 1557 Praelata
501 1518 751 1573 praeposita
1228 1522 1374 1561 torum

267 1586 589 1644 Praeuilegium
622 1591 796 1645 priuata
822 1591 909 1644 lex]
1168 1591 1402 1647 Praetigiis
1462 1591 1664 1633 fantasiis
1721 1590 1792 1633 uel
1849 1589 2027 1632 circum-

266 1659 514 1703 Praenimio
548 1663 693 1705 ualido
726 1663 795 1704 uel
829 1663 969 1705 multo
1225 1663 1509 1705 uentionibus

214 1742 248 1767 ‘20
268 1731 496 1775 Praetores
533 1735 735 1776 saecundi
769 1735 1021 1777 consulibus
1165 1736 1362 1778 Praemit
1393 1735 1599 1791 prohibet
1632 1737 1708 1777 aut
1740 1734 1933 1777 refrenat

267 1805 505 1848 Praeconio
539 1807 711 1849 laudem
1165 1808 1413 1850 Praeuertit
1464 1808 1538 1863 qui
1591 1823 1766 1850 cursum
1817 1806 2027 1849 uelociori

266 1877 554 1920 Praeconium
617 1880 884 1935 praedicatio
943 1880 1126 1923 alicuius
1227 1881 1425 1923 ambulat

326 1949 387 1991 rei
1169 1953 1428 2007 [Praeeocus
1461 1956 1719 2009 temponeus

266 2021 445 2064 Praeter
479 2023 551 2078 qui
585 2025 692 2067 ciuis
724 2028 898 2080 praeest
932 2026 1126 2083 nogotiis
1165 2026 1469 2081 Praeterspem
1491 2026 1636 2068 suuito
1651 2026 1720 2068 uel
1739 2020 2025 2080 inprouisae‘2)
2046 2039 2081 2065 40

365 2131 398 2175 1)
424 2129 700 2176 Praeproopere
727 2136 811 2167 ante
837 2143 929 2167 corr.
950 2133 962 2177 ΙΙ
982 2134 1018 2177 2)
1046 2144 1066 2167 o
1093 2144 1137 2168 ex
1163 2145 1186 2168 u
1213 2145 1304 2169 corr.
1333 2145 1377 2168 m.
1407 2136 1427 2167 1
1447 2135 1458 2176 ΙΙ

364 2231 393 2260 1.
421 2226 605 2261 Pisidium
632 2239 650 2263 6
672 2228 677 2274 Ι
700 2227 761 2262 1161
787 2240 853 2263 om.
883 2241 906 2263 a
931 2230 942 2272 ΙΙ
972 2232 1003 2263 2.
1032 2228 1153 2264 habeo
1180 2242 1204 2265 α
1226 2231 1231 2274 Ι
1253 2229 1429 2276 presunt]
1458 2230 1545 2263 sunt
1569 2241 1593 2264 a
1615 2231 1620 2274 Ι
1643 2227 1779 2263 iuditio
1805 2239 1824 2263 6
1841 2229 1854 2274 ΙΙ
1878 2230 1911 2263 4.
1938 2226 2028 2262 Pre-

267 2286 373 2330 c‘sj'io
401 2299 423 2321 α
445 2288 450 2330 Ι
472 2298 595 2331 paena
621 2300 643 2322 a
673 2290 676 2331 Ι
712 2291 744 2322 5.
770 2289 934 2333 sequitur
960 2289 1001 2324 in
1027 2302 1068 2324 a:
1094 2289 1293 2324 Procerum
1319 2289 1473 2333 longum
1505 2290 1517 2334 ΙΙ
1550 2294 1581 2324 6.
1607 2293 1782 2324 secuntur
1807 2289 1849 2323 in
1873 2300 1913 2323 a:
1938 2287 2026 2321 Pro-

267 2345 354 2380 inde
381 2345 509 2391 itaque
536 2347 688 2392 deinde,
715 2347 898 2392 Properat
924 2347 1081 2383 festinat
1107 2348 1362 2395 1)1·01)61161111;ΙΙ
1382 2354 1413 2385 8.
1435 2348 1636 2383 Praedium
1662 2361 1685 2384 a
1707 2350 1712 2395 Ι
1729 2352 1814 2394 post
1838 2346 2026 2394 possessio

270 2408 308 2441 in
335 2420 357 2441 α
383 2408 524 2442 abscisa
549 2409 757 2443 membrana
803 2409 814 2453 ΙΙ
858 2411 890 2443 9.
917 2407 1140 2453 Prespicuus
1168 2408 1296 2454 pulcer
1322 2421 1345 2444 a
1383 2410 1394 2454 ΙΙ
1439 2413 1494 2444 11.
1520 2408 1699 2443 Pretenta
1725 2407 1943 2453 anteposita
1967 2420 1992 2443 a
2014 2406 2027 2452 ΙΙ

270 2471 324 2502 12.
351 2466 512 2512 prefatio
534 2480 557 2503 α
576 2469 587 2514 ΙΙ
609 2472 662 2502 16.
685 2479 750 2503 om.
772 2480 795 2503 a
813 2469 826 2512 ΙΙ
848 2471 900 2502 18.
922 2466 1170 2513 Priuilegium
1196 2481 1220 2503 a
1239 2469 1250 2513 ΙΙ
1277 2472 1334 2503 20.
1356 2467 1527 2502 Pretares
1554 2479 1572 2503 6
1595 2470 1598 2512 Ι
1623 2467 1777 2502 secundi
1804 2468 1892 2502 sunt
1916 2467 1998 2503 aad
2015 2466 2028 2514 ΙΙ

269 2531 323 2562 21.
352 2526 464 2561 laude
491 2527 546 2562 ad
577 2530 588 2571 ΙΙ
620 2531 674 2563 22,
702 2526 923 2562 Precobium
950 2539 968 2563 6
996 2530 1000 2572 Ι
1029 2527 1311 2573 praedicatione
1337 2541 1371 2563 α.
1407 2527 1534 2573 pcatio
1561 2539 1579 2563 6
1607 2529 1612 2572 Ι
1641 2527 1759 2563 alicus
1786 2539 1804 2564 6
1835 2529 1846 2573 ΙΙ
1877 2531 1934 2574 23.
1962 2525 2028 2571 qui

269 2586 373 2620 cibus
400 2599 427 2622 6.
468 2586 603 2631 quibus
631 2599 662 2622 a.
704 2586 769 2631 qui
796 2585 941 2621 cibibus
969 2588 993 2622 cl
1011 2587 1109 2633 {pter
1135 2589 1194 2622 est
1212 2599 1230 2623 6
1247 2588 1249 2631 ζ
1267 2586 1413 2633 negotii
1438 2588 1519 2623 aed
1535 2587 1538 2635 Ι
1555 2588 1721 2633 sequitur
1745 2589 1787 2622 in
1812 2588 1914 2623 aed:
1938 2586 2027 2621 Pres

269 2647 362 2682 abeo
385 2647 528 2691 (habeo
543 2649 581 2691 a)
604 2647 705 2691 quod
725 2648 781 2681 est
802 2646 935 2692 predcs
957 2645 1056 2682 idest
1075 2651 1154 2692 (eos
1169 2660 1197 2683 6.
1225 2660 1291 2684 om.
1307 2649 1347 2692 cl)
1363 2647 1602 2683 fideiussores
1616 2648 1627 2694 ΙΙ
1641 2651 1697 2682 24.
1711 2646 2028 2694 preordinabitcl}

269 2711 323 2743 23.
351 2706 549 2752 proposuit
574 2719 592 2742 6
620 2708 632 2751 ΙΙ
663 2711 719 2741 ⁶26.
746 2706 1018 2751 Praerogatiba
1045 2719 1063 2743 6
1092 2710 1096 2752 Ι
1126 2707 1344 2743 benefitium
1371 2720 1389 2744 6
1418 2710 1422 2753 Ι
1452 2707 1690 2742 antoblatum
1715 2718 1734 2742 6
1756 2708 1760 2752 Ι
1790 2707 1890 2751 quod
1917 2705 1948 2742 si
1973 2719 1992 2742 6
2019 2707 2023 2753 Ι

268 2766 467 2801 retdideris
495 2780 517 2802 a
559 2771 563 2810 Ι
604 2766 845 2811 praerogatio
873 2779 901 2803 6.
942 2780 1008 2803 om.
1037 2781 1078 2804 a:
1105 2770 1151 2812 cf.
1177 2770 1225 2816 ql,
1252 2780 1400 2815 sequens
1443 2770 1454 2814 ΙΙ
1498 2771 1554 2803 27.
1581 2766 1791 2802 Predicatis
1818 2779 1837 2803 6
1877 2767 1882 2812 Ι
1922 2768 2027 2802 ante-

268 2825 445 2861 iudicatis
472 2828 522 2862 ccl
545 2830 549 2872 Ι
572 2826 815 2872 prerogatiua
843 2828 927 2863 add.
956 2841 996 2863 a:
1023 2830 1069 2872 cf.
1095 2830 1143 2875 ql.
1164 2834 1217 2865 26
1247 2830 1259 2874 ΙΙ
1291 2833 1347 2864 29.
1375 2829 1589 2863 Pretermea
1615 2840 1649 2863 α.
1688 2827 1922 2861 Pretermeat
1946 2827 1996 2862 cd
2019 2827 2022 2870 j

269 2898 341 2929 quo
369 2900 392 2922 α
414 2889 418 2930 Ι
443 2899 595 2932 suprum
621 2900 639 2922 6
658 2889 669 2932 ΙΙ
695 2891 751 2922 30.
779 2887 983 2932 Preporum
1010 2901 1042 2923 α.
1083 2888 1336 2934 Prepoperum
1362 2901 1380 2924 6
1408 2889 1412 2934 Ι
1442 2887 1701 2923 anteafactum
1727 2888 1808 2922 acd
1827 2892 1838 2929 ΙΙ
1858 2892 1914 2922 31.
1941 2886 2026 2921 Pre—

269 2946 391 2990 porire
418 2959 437 2983 6
471 2949 475 2992 Ι
510 2948 593 2993 aut]
620 2946 720 2981 idest
746 2960 779 2983 α.
819 2958 885 2982 om.
908 2947 958 2982 ecl
993 2951 996 2991 Ι
1032 2947 1168 2983 festine
1194 2959 1368 2993 peruerse
1395 2961 1429 2984 α.
1468 2959 1642 2993 peruerse
1668 2948 1718 2983 cd
1748 2947 1760 2994 ΙΙ
1798 2951 1855 2982 32.
1880 2946 2025 2981 Preter-

269 3006 352 3041 fluit
377 3020 400 3042 α
431 3009 442 3053 ΙΙ
475 3012 530 3042 33.
557 3006 762 3052 prostituto
790 3020 822 3042 α.
862 3007 1080 3052 prestitutio
1107 3020 1126 3044 6
1156 3010 1168 3053 ΙΙ
1201 3013 1255 3043 35.
1277 3007 1525 3053 Prerogatiba.
1551 3008 1583 3044 c¹
1618 3009 1624 3054 Ι
1659 3006 1885 3042 excellentia
1910 3006 1991 3042 aed
2019 3005 2023 3053 Ι

270 3066 496 3101 meriadrum
522 3080 545 3102 a
565 3070 576 3113 ΙΙ
595 3071 651 3102 36.
679 3066 900 3111 Praestigiis
927 3079 979 3103 ac
1002 3070 1006 3112 Ι
1030 3068 1208 3104 fantasiss
1234 3080 1252 3104 6
1275 3068 1279 3115 Ι
1302 3068 1363 3103 1161
1389 3080 1455 3104 om.
1483 3069 1563 3104 aod
1582 3070 1594 3113 ΙΙ
1620 3071 1675 3103 37.
1702 3065 1852 3112 proibet
1877 3067 1927 3102 cd
1949 3067 1955 3112 Ι
1977 3077 2026 3100 an

268 3125 431 3161 frenata
452 3130 463 3173 i.
484 3132 539 3162 38.
568 3126 632 3171 qui
658 3138 724 3162 om.
752 3128 833 3162 aed
865 3132 869 3169 Ι
904 3127 1043 3162 circum
1069 3141 1090 3163 α
1132 3129 1136 3175 Ι
1177 3128 1350 3162 ambulat
1375 3140 1441 3163 om.
1468 3129 1519 3164 cd
1546 3130 1558 3173 ΙΙ
1590 3131 1646 3163 39.
1672 3126 1940 3170 Praequoquus
1967 3137 1991 3161 a
2015 3125 2026 3170 ἶΙ

270 3188 531 3232 ,1611111013116113
558 3200 578 3222 α
600 3190 611 3234 ΙΙ
649 3191 705 3224 40.
732 3187 952 3234 Praeterspe
979 3201 1001 3223 (ι
1025 3191 1029 3233 Ι
1053 3188 1177 3223 subito
1203 3201 1227 3223 a
1250 3192 1253 3233 Ι
1277 3189 1337 3223 1161
1364 3200 1430 3224 om.
1458 3200 1482 3223 a
1501 3190 1512 3234 ΙΙ
