2170 3522
266 217 352 258 292

261 326 416 381 Thytis
449 340 564 368 mare

261 398 431 439 Thiasis
464 397 610 438 laudes
643 394 862 450 uirginum

259 469 397 524 Tybia
430 467 687 523 symphonia

259 540 403 595 Typus
437 539 676 581 similitudo
708 538 849 593 figura

224 623 239 647 f»
259 610 417 665 Typice
450 610 693 666 figuraiiber

258 681 371 736 Tyro
403 681 582 737 ignarus
613 695 753 723 nouus

144 763 224 793 148ῐ
258 752 414 807 Tybris
448 753 599 795 tiberis
633 769 658 794 a
690 753 819 808 tybro
852 766 952 808 rege

256 823 407 878 Tybon
433 824 576 866 insula
601 825 646 866 in
671 824 789 866 india
814 824 889 866 ubi
914 823 1107 865 omnium

314 909 521 951 generum
566 896 725 938 arboru
768 895 875 938 folia
916 910 1107 950 numqua

314 967 519 1009 deficiunb

254 1038 488 1094 Tybigines
522 1039 640 1081 abies
674 1040 897 1082 continens
930 1040 998 1081 uel
1033 1040 1106 1094 qui

313 1110 436 1165 tybia
468 1114 628 1153 canunt

203 1197 235 1221 ιο
254 1181 491 1238 Tyroginia
523 1183 650 1225 initia
681 1184 926 1225 rudimenta

252 1253 401 1308 Typhe
434 1254 569 1296 stulta
596 1255 798 1309 superbia
824 1256 866 1296 id
893 1258 960 1297 esb
986 1258 1102 1298 secta

252 1324 371 1380 Tyrii
422 1326 742 1382 cartaginenses
794 1330 838 1367 et
888 1327 972 1381 ipsi
1030 1327 1103 1382 qui

311 1400 409 1451 tyro
442 1397 646 1439 habitant

251 1468 383 1510 Titan
414 1470 479 1511 sol

252 1540 378 1582 Tinia
408 1541 512 1583 luna

201 1626 231 1651 15
250 1612 446 1655 Titantes
478 1614 685 1669 principis

139 1694 225 1724 118ιι
251 1684 422 1727 Titulus
455 1689 559 1727 nota
589 1686 796 1727 indicium
1055 1715 1078 1739 θ

251 1755 419 1797 Tisifon
449 1772 608 1799 nomen
639 1757 748 1799 furie

249 1827 430 1869 Titubat
463 1829 635 1870 dubissat
666 1829 844 1871 uacillat

249 1899 417 1941 Titulat
449 1900 594 1956 signat

197 1986 230 2009 κο
249 1971 453 2013 Tri’cauus
484 1987 673 2027 proauus

249 2043 282 2084 T
287 2043 449 2085 riareus
480 2044 691 2100 nauigans

248 2113 415 2156 Tribuli
447 2129 582 2171 genus
616 2116 839 2170 spinarum

247 2185 531 2241 Triumphum
563 2188 748 2229 uictoria

246 2256 457 2313 Trinepus
494 2274 711 2314 pronepus
754 2259 926 2314 nepotis
972 2274 1097 2315 gene-

305 2330 417 2371 ratio

194 2413 226 2438 25
246 2399 579 2456 Triumphabum
611 2403 781 2444 deuicto

679 213 890 249 GLOSSAE
917 213 1099 249 CODICIS
1127 212 1485 249 SANGALLENSIS
1511 216 1580 248 912

1147 322 1348 378 Tripodis
1381 321 1531 364 mensa
1563 337 1660 365 cum
1692 334 1745 364 111
1777 322 1906 377 pedes

1148 394 1377 450 Trinagria
1423 394 1562 437 sieilia
1604 393 1747 436 insula
1793 393 1910 435 dieta
1950 408 1999 436 eo

1209 466 1322 521 quod
1354 478 1406 508 111
1439 481 1537 509 acra
1569 466 1696 508 abeat
1722 466 1773 507 de
1799 480 2001 521 promun-

1206 537 1321 579 ssuria
1352 537 1573 593 pieinnum
1605 538 1735 593 pelon
1766 536 1976 592 lilybeum

1146 609 1315 651 Trieres
1359 624 1517 666 magna
1565 610 1615 651 de
1661 624 1745 664 qua
1791 609 1837 651 in
1883 608 2001 651 esaia
2029 615 2110 648 149Ϊ

1204 689 1260 723 no
1295 681 1503 723 bransiuit
1534 696 1610 736 per
1643 678 1782 736 eam¹)

1145 752 1315 796 Trieres
1358 753 1482 796 nauis
1528 767 1687 809 magna
1730 766 1837 807 quas
1881 751 1999 808 greci

1205 826 1409 868 duleones
1442 824 1644 879 uocant2)

1145 897 1301 939 Tribus
1333 897 1485 952 populi
1518 896 1674 938 diuisio
2017 907 2052 932 30

1143 968 1292 1010 Triuia
1324 969 1451 1010 diana
1483 971 1526 1011 61,
1557 969 1661 1010 luna

1144 1041 1340 1083 Trinami
1373 1040 1498 1083 siculi

1143 1112 1298 1154 Tribon
1316 1113 1447 1155 homo
1469 1112 1660 1154 marinus
1681 1110 1830 1154 medus
1855 1111 1996 1166 peseis

1142 1183 1342 1226 Tritonia
1374 1185 1570 1226 minerua

1142 1256 1343 1298 Trinacia
1374 1257 1510 1311 pubes
1543 1255 1669 1297 3101111
1704 1255 1874 1297 iuuenis
1982 1296 1988 1300 ,
2014 1265 2049 1291 35

1141 1327 1341 1370 Triarum
1373 1328 1608 1383 partitores
1641 1326 1866 1383 signorum

1141 1398 1369 1455 Triperti'ci
1402 1399 1542 1441 tribus
1576 1396 1771 1455 erogab3)

1140 1471 1332 1514 Trifauei
1366 1471 1440 1527 qui
1472 1474 1567 1513 brea
1599 1470 1745 1526 capita
1775 1470 1910 1513 habet

1139 1543 1338 1586 Triboles
1372 1543 1556 1586 curiales

1139 1615 1279 1656 Triari
1312 1618 1436 1658 sseruo
1467 1615 1565 1657 1060
1598 1616 1642 1655 111
1674 1615 1864 1656 exerei'co

1138 1686 1373 1729 Trifarium
1405 1686 1678 1742 tripertitum

1137 1757 1324 1800 Trifaria
1365 1762 1432 1800 est
1470 1758 1613 1800 tribus
1651 1758 1853 1813 partibus
1886 1757 1993 1800 diui-

1199 1845 1294 1872 sum

1138 1902 1334 1944 Thomen
1367 1902 1604 1945 sectionem
1635 1902 1679 1943 id
1718 1904 1786 1943 est
1818 1916 1899 1957 que
1932 1901 1992 1943 di·
2019 1909 2109 1943 14912

1197 1974 1287 2015 uidi
1320 1977 1468 2029 potest

1137 2045 1323 2088 Tholum
1351 2046 1524 2102 signum
1550 2046 1764 2088 rdundum
1789 2058 1898 2100 quae
1924 2059 1990 2086 su—

1196 2132 1273 2172 per
1305 2118 1476 2159 eulmen
1507 2118 1660 2159 domus
1691 2117 1871 2172 ponitur

2011 1625 2047 1650 40

1135 2188 1355 2231 Thtronus
1389 2189 1502 2231 sedis
2007 2200 2042 2225 45

1134 2260 1320 2302 Tholum
1358 2260 1583 2302 fastidium
1621 2260 1774 2316 bempli
1812 2259 1989 2302 rotundi

1133 2331 1332 2374 Thoruus
1410 2332 1580 2374 intento
1660 2331 1985 2386 uehimentique

1190 2405 1317 2446 uultu

342 2508 376 2550 1)
400 2507 446 2552 91.
474 2508 558 2543 add.
584 2520 628 2542 m.
653 2510 707 2552 211
728 2510 762 2552 2)
788 2509 834 2553 91.
861 2509 945 2544 add.
975 2521 1017 2543 m.
1045 2510 1156 2555 2113)
1181 2513 1265 2545 ante
1290 2521 1315 2554 g
1341 2510 1458 2545 deleta
1484 2522 1509 2555 g
1528 2512 1539 2555 Η

341 2606 371 2636 1.
397 2601 518 2636 Thitis
545 2604 595 2638 ab
638 2604 649 2647 Η
693 2607 724 2637 3.
750 2602 859 2637 Tibia
885 2605 964 2639 abc
1000 2605 1010 2648 Η
1048 2607 1079 2638 5.
1107 2604 1266 2648 figurato
1291 2616 1311 2640 c
1346 2606 1358 2649 Η
1395 2609 1427 2640 6.
1455 2604 1540 2639 Tiro
1567 2606 1591 2640 cl
1627 2606 1638 2650 Η
1683 2609 1712 2640 7.
1739 2616 1805 2641 om.
1832 2606 1943 2641 abed
1967 2605 1980 2652 Η

245 2664 274 2696 8.
302 2661 449 2696 Thibon
477 2661 534 2696 uel
560 2661 682 2696 thilon
707 2663 758 2697 ab
786 2664 790 2706 Ι
820 2662 993 2696 arborum
1020 2664 1097 2698 abc
1119 2665 1124 2709 Ι
1152 2675 1357 2708 numquam
1383 2665 1462 2700 abc
1487 2667 1499 2709 Η
1524 2669 1555 2700 9.
1582 2663 1772 2699 Tibicines
1798 2666 1848 2700 ab
1871 2666 1876 2707 1
1899 2675 1984 2699 6011-

243 2719 403 2755 timentes
430 2722 480 2756 ab
503 2723 507 2766 Ι
530 2720 625 2755 tibia
651 2722 703 2755 ab
737 2722 749 2765 Η
782 2725 836 2758 10.
861 2721 1049 2756 Tirocinia
1075 2724 1099 2758 cl
1129 2725 1140 2769 Η
1174 2727 1226 2759 11.
1253 2723 1356 2769 Typo
1383 2723 1500 2759 stulta.
1528 2724 1705 2769 superbia
1731 2736 1749 2760 c
1778 2726 1790 2770 Η
1822 2728 1877 2758 12.
1905 2735 1983 2758 car-

240 2779 496 2825 thaginienses
523 2781 573 2816 ab
608 2782 612 2822 1
646 2779 863 2815 inhabitant.
888 2782 938 2816 ab
970 2783 981 2826 Η
1014 2787 1068 2817 14.
1096 2782 1257 2826 Tytania
1283 2785 1334 2819 ab
1371 2786 1384 2829 Η
1423 2787 1478 2819 15.
1505 2783 1660 2819 Titanes
1685 2782 1874 2830 principes
1900 2785 1951 2819 ab
1971 2784 1982 2830 Η

242 2844 295 2875 21.
322 2840 520 2875 Triarchus
547 2842 597 2875 ab
618 2843 629 2886 Η
649 2844 704 2875 23.
725 2840 928 2885 Triumpho
955 2843 1005 2875 ab
1025 2843 1036 2885 Η
1057 2845 1109 2878 25.
1131 2842 1376 2888 Triumphato
1397 2845 1475 2879 abc
1493 2846 1504 2888 Η
1524 2847 1579 2879 26.
1600 2843 1720 2878 tribus
1739 2842 1899 2889 pedibus
1920 2843 1944 2878 d
1968 2843 1981 2890 Η

241 2903 295 2935 27.
322 2900 515 2934 Trinacria
545 2912 563 2935 ο
609 2903 614 2944 Ι
660 2900 800 2934 habeat
831 2912 849 2935 c
895 2904 898 2942 Ι
945 2900 1044 2935 idest
1073 2901 1330 2946 promunboria
1361 2902 1536 2948 pacinum
1567 2902 1729 2948 peloruli
1759 2901 1901 2937 libeum
1926 2914 1945 2938 e
1969 2903 1981 2950 Η

240 2964 295 2994 28.
316 2963 371 2995 29.
393 2964 447 2994 32.
469 2972 535 2995 om.
557 2960 664 2995 abed
683 2961 694 3003 Η
714 2964 769 2995 33.
789 2959 933 2994 medius
955 2961 1046 2995 abel.
1074 2960 1197 2995 medio
1217 2973 1236 2997 c
1255 2963 1266 3007 Η
1286 2967 1341 2998 35.
1362 2961 1515 2997 iuuenes
1536 2964 1587 2997 ab
1606 2965 1618 3008 Η
1637 2966 1693 2998 36.
1707 2961 1908 3007 portitores
1927 2962 1952 2997 d
1970 2962 1982 3009 Η

239 3022 294 3053 37.
321 3018 501 3063 'si-ipertit
526 3021 576 3054 ab
595 3021 608 3064 Η
629 3024 682 3054 38.
710 3019 783 3054 tria
808 3020 920 3055 abed
942 3023 946 3064 1
968 3020 1111 3054 habent
1136 3022 1244 3057 abed
1263 3024 1274 3067 Η
1294 3026 1350 3057 39.
1376 3021 1547 3056 Tribules
1574 3023 1625 3057 ab
1645 3023 1656 3067 Η
1676 3025 1732 3056 40.
1758 3019 1896 3056 Triarii
1921 3021 1945 3056 d
1973 3021 1977 3067 Ι

238 3077 352 3111 tei-oio
379 3080 403 3113 (I
437 3079 441 3124 Ι
477 3078 641 3113 exercitu
667 3080 691 3114 d
722 3080 733 3123 Η
765 3083 819 3113 42.
846 3079 1049 3124 Tripertire
1076 3082 1134 3115 est
1158 3081 1279 3116 tribus
1304 3081 1478 3126 partibus
1506 3081 1675 3116 diuidere
1701 3082 1751 3116 ab
1789 3082 1801 3125 Η
1838 3084 1894 3116 44.
1922 3091 1979 3115 10-

237 3137 392 3170 'cundum
419 3139 471 3173 ccl
493 3141 497 3183 Ι
520 3139 618 3183 quod
645 3140 694 3174 ccl
722 3140 733 3184 Η
764 3142 820 3174 45.
847 3139 1016 3174 Thronus
1044 3140 1149 3175 sedes
1176 3142 1195 3176 b
1220 3143 1232 3186 Η
1257 3144 1313 3177 46.
1340 3140 1536 3185 fastigium
1561 3142 1613 3176 ab
1636 3141 1640 3188 Ι
1663 3139 1862 3176 rotundum
1889 3141 1941 3175 ab
1967 3140 1980 3187 Η

236 3198 291 3229 47.
319 3197 460 3231 'I'oruus
487 3199 511 3232 d
530 3200 541 3243 Η
