2170 3522
292 200 378 242 212
709 199 923 234 o-LOSSAE
951 199 1134 234 comcis
1161 199 1520 236 SANGALLENSIS
1546 205 1612 236 912

295 310 467 352 Biuiera
509 309 693 350 secunda
732 309 884 350 coniux
926 309 993 350 ucl
1030 310 1143 364 quod
1182 309 1322 352 Boarc
1355 310 1528 352 clamare
1560 325 1714 352 sonare
1746 310 1914 366 mugire

352 382 457 422 ‹luos
489 380 642 421 habuit
675 380 857 422 maritus
1180 381 1303 423 Bona
1336 382 1495 424 caduca
1526 382 1707 437 pecunia
1740 382 1831 424 sinc
1863 383 2032 425 ercdem

292 453 459 494 Bifores
493 451 683 506 duplices
716 451 868 493 ianuae
1180 453 1390 495 Borforus
1423 454 1634 497 transitus
1666 453 1800 496 maris
1831 454 1955 509 ponti
1987 454 2032 496 in

291 525 398 566 Bilis
432 524 489 565 fel
1240 525 1331 567 asia

292 596 429 637 Bitire
463 595 524 635 ire
1180 596 1383 638 Bromius
1416 598 1527 639 liner
1558 600 1681 653 pater

254 667 452 721 affigone
492 681 512 706 c
551 665 716 706 dnobus
756 667 959 720 gentibus
992 670 1142 708 natum
1180 667 1469 711 Bobinatores
1502 669 1801 712 inconstanter
2050 680 2085 706 3⁰

290 738 498 793 Bispillus
531 736 605 778 ubi
639 739 835 779 mortuos
869 740 1046 791 portant
1179 739 1343 782 Bomus
1377 755 1506 782 sonus
1541 743 1615 782 aut
1647 755 1731 782 uox
1764 741 1930 783 tumida
2060 749 2124 780 19¹¹

289 809 509 851 Bimalcus
542 808 652 850 liber
683 811 806 863 pater
1178 811 1342 853 Brocca
1373 812 1548 853 labrosa

289 880 561 922 Bithalasum
606 881 805 935 peculum
850 881 1029 923 duarum
1068 897 1140 924 na·
1177 882 1312 925 Bolus
1344 883 1484 925 iactus

348 952 468 994 uium
1176 954 1333 996 Boetes
1355 954 1722 1010 septemtrionalis
1745 955 1871 997 stella
1894 957 2029 998 comis

288 1023 558 1065 Bimembres
591 1025 784 1066 centauri
1176 1025 1370 1068 Bombus
1404 1041 1533 1068 sonus
2048 1039 2082 1064 35

236 1094 490 1137 10Bite1non
521 1110 679 1137 nomen
711 1096 911 1152 gigantes
1176 1097 1341 1140 Boatus
1376 1113 1506 1140 sonus
1538 1099 1659 1140 uocis

204 1174 263 1204 19r
287 1166 509 1209 Bisulcum
541 1166 727 1208 diuisum
760 1170 807 1208 ut
839 1168 1025 1223 ungulae
1177 1169 1367 1211 Boantes
1400 1168 1684 1226 sterpentes2)
1719 1174 1922 1213 sonantes

287 1238 462 1280 Biuium
494 1239 567 1280 uia
598 1239 754 1294 duplex
1176 1240 1317 1283 Boues
1349 1241 1550 1298 luganiae
1584 1241 1759 1283 elefanti

286 1309 406 1351 Bitet
437 1310 558 1352 uadit
1176 1312 1299 1354 Buda
1331 1313 1467 1354 storia

288 1381 458 1423 Bissam
491 1382 656 1423 corium
688 1382 896 1424 bubolum
1176 1383 1339 1426 Bucala
1370 1385 1550 1427 uaccula
1761 1381 1770 1384 ’
2047 1398 2082 1422 40

237 1465 267 1488 ιῦ
287 1452 489 1495 Briarcus
522 1454 677 1509 gigans
710 1454 977 1496 tentiinanus
1177 1456 1395 1499 Bumbum
1429 1457 1656 1498 sorbillum

287 1524 375 1564 Biti
407 1524 622 1580 proficisci
1176 1528 1316 1570 Busta
1348 1528 1461 1584 ignis

287 1585 484 1637 Bimatur
516 1596 718 1651 ‹loplatur
1175 1598 1397 1641 Bumboso
1431 1614 1588 1641 sonoro
1621 1600 1872 1642 furibudum

288 1666 499 1722 Bipetalis
532 1668 714 1710 duorum
746 1670 902 1724 pedum
1174 1670 1360 1712 Bustuln
1387 1671 1461 1712 ubi
1493 1671 1690 1713 homines
1717 1671 2030 1713 comburuntur

287 1738 475 1793 Bipcrtit
507 1739 673 1781 duobus
707 1744 858 1797 erogat
1234 1742 1286 1783 ad
1319 1743 1586 1798 sepulturam
1619 1746 1892 1785 mortuorum

236 1821 268 1845 κο
292 1809 493 1863 ssipennis
521 1813 682 1854 securis
710 1813 956 1854 amazonica
977 1829 1135 1868 penum
1174 1814 1339 1856 Buceta
1370 1829 1531 1869 pascua
2046 1827 2081 1853 4⁵

345 1882 546 1923 dicebant
577 1883 746 1938 antiqui
779 1884 844 1925 bis
879 1887 1005 1926 acuto
1174 1885 1315 1928 Bursa
1347 1886 1493 1928 cloaca

286 1952 377 1994 Boa
410 1968 540 2008 sopor
572 1955 794 1997 uchimens
1175 1957 1389 1999 Bucerum
1421 1972 1552 2013 pecus
1586 1958 1796 2000 bubulum

286 2024 398 2066 Boas
432 2040 607 2080 serpens
640 2041 799 2082 engens
833 2030 875 2068 et
916 2031 1061 2069 tumor
1093 2028 1138 2069 in
1175 2028 1358 2071 Buceria
1391 2032 1586 2071 armenta

345 2111 495 2138 cruore
529 2098 707 2140 suffusio
742 2099 994 2153 sangninem
1175 2100 1325 2142 Bunde
1358 2115 1488 2143 sonus
1522 2102 1719 2156 tympani
2162 2148 2166 2154 ,

286 2166 440 2209 Boriro
474 2168 606 2209 rubus
640 2169 764 2225 niger
1175 2173 1427 2215 Bullonium
1458 2173 1552 2214 luto
1580 2173 1693 2227 quod
1719 2171 1916 2214 lacerarii
1944 2171 2024 2214 sal·
2045 2184 2080 2210 50
2159 2174 2166 2196 ⁴

289 2238 450 2280 Boreas
483 2242 637 2281 uentus
672 2241 816 2295 aquilo
1236 2247 1480 2286 samentum
1513 2244 1713 2286 dixerunt

234 2323 265 2347 33
285 2309 439 2367 Bon-¹)
1175 2315 1340 2357 Butrus
1374 2330 1458 2357 uua

383 2453 416 2495 1)
438 2456 521 2496 1)οεῦ
545 2452 636 2486 Borr
663 2454 742 2497 (ubi
766 2459 923 2490 coetrcma
949 2467 966 2489 1·
990 2457 1130 2493 ineerta
1155 2459 1220 2499 est)
1246 2460 1376 2501 septem
1402 2456 1541 2491 litterae
1565 2467 1689 2492 erasae
1712 2460 1798 2492 sunt
1828 2458 1840 2502 ΙΙ
1871 2457 1907 2500 2)
1933 2457 2023 2490 Sf'l'e·

287 2512 417 2552 pcntcs
443 2522 535 2546 corr.
563 2523 606 2547 m.
635 2514 692 2556 211

384 2647 412 2677 1.
440 2642 568 2677 Biuira
595 2645 644 2679 ab
681 2646 685 2688 Ι
720 2644 779 2678 ucl
807 2656 877 2692 qucg
905 2646 954 2680 ab
989 2647 994 2689 ξ
1028 2646 1182 2681 maritos
1209 2648 1259 2682 ab
1291 2648 1303 2691 ΙΙ
1340 2650 1371 2682 5.
1398 2645 1618 2690 Bigenerem
1644 2646 1668 2681 (Ζ
1702 2648 1707 2690 Ι
1740 2645 1939 2691 generibus
1965 2646 1991 2681 d
2014 2647 2026 2692 ΙΙ

287 2705 319 2735 8.
346 2700 551 2745 periculum
579 2702 733 2737 duarum
761 2703 912 2738 nauium
940 2705 964 2739 cl
994 2707 1005 2750 ΙΙ
1041 2710 1092 2740 10.
1119 2705 1285 2751 gigantis
1312 2707 1362 2740 ab
1393 2707 1405 2751 ΙΙ
1439 2710 1493 2740 14.
1521 2705 1664 2740 Birsam
1691 2706 1775 2741 abd
1805 2707 1810 2750 Ι
1843 2704 2024 2740 bubulum

287 2762 337 2795 ab
374 2763 386 2805 ΙΙ
433 2765 482 2796 15.
511 2764 754 2796 centumanus
781 2764 805 2797 (Z
841 2766 852 2808 11
894 2767 945 2798 17.
974 2765 1150 2809 duplatur
1176 2767 1237 2801 ab.
1289 2764 1504 2809 duplicatur
1529 2766 1553 2800 cl
1589 2767 1601 2810 {1
1641 2769 1693 2800 18.
1718 2763 1911 2809 Bipedalis
1937 2765 1988 2800 ab
2013 2765 2026 2812 Η

286 2825 341 2855 20.
369 2822 521 2867 penum]
548 2821 701 2866 pinnum
729 2834 756 2857 c.
803 2822 1002 2866 bipennium
1029 2825 1053 2859 <Z
1082 2827 1086 2868 Ι
1116 2826 1266 2858 acutum
1292 2825 1342 2860 cd
1371 2826 1383 2869 ΙΙ
1414 2828 1470 2859 21.
1498 2824 1610 2859 rubor
1634 2825 1696 2859 ab.
1741 2825 1864 2859 tumor
1889 2825 1914 2859 d
1935 2825 1940 2869 ξ
1962 2835 2023 2859 ue-

288 2879 436 2914 lwmcns
463 2882 548 2916 abd
589 2882 600 2925 ῙΙ
646 2885 700 2916 22.
729 2882 882 2928 cngens]
910 2881 1025 2917 mirac
1051 2882 1322 2928 magnitudinis
1349 2884 1459 2919 abed
1499 2886 1504 2929 Ι
1550 2885 1588 2918 ct
1613 2895 1719 2918 cruor
1742 2883 1781 2917 in
1808 2894 1911 2918 crure
1937 2884 1988 2919 ab
2016 2883 2020 2930 fi

287 2939 424 2973 suffuso
452 2940 604 2983 (suffoso
632 2942 668 2984 b)
697 2941 876 2985 sanguino
903 2943 953 2976 ab
991 2944 1002 2987 ΙΙ
1040 2947 1094 2979 23.
1122 2943 1256 2978 Borrus
1283 2944 1334 2979 ab
1369 2946 1373 2989 Ι
1406 2943 1510 2977 rufus
1537 2944 1621 2980 abd
1656 2945 1668 2990 l}
1705 2947 1760 2979 25.
1787 2954 1852 2979 om.
1879 2943 1988 2979 abed
2140 2946 2155 2995 ᾗ

287 3002 340 3032 2¹6.
369 2999 529 3033 clamare
556 3001 632 3035 nbc
657 3002 668 3046 ΙΙ
694 3004 748 3035 27.
777 3000 1031 3037 hin-edeam
1055 3004 1067 3048 ss
1094 3006 1148 3037 28.
1176 3002 1350 3039 Bosforus
1383 3004 1433 3037 ab
1457 3005 1461 3047 1
1483 3003 1589 3047 ponti
1620 3014 1684 3038 om.
1713 3003 1764 3038 ab
1784 3004 1796 3047 ΙΙ
1816 3006 1869 3038 30.
1897 3001 2022 3036 incon·
2136 2996 2155 3044 ’ἦ

2135 3055 2145 3079 ι

288 3058 428 3091 stanles
455 3060 538 3094 abcl
557 3061 568 3104 Η
588 3063 642 3094 37.
671 3061 877 3104 strepentes
905 3061 982 3095 abc
1001 3062 1013 3106 {l
1033 3065 1086 3096 38.
1109 3061 1256 3108 lucanie
1276 3063 1327 3097 ab
1346 3063 1357 3107 ΙΙ
1377 3065 1430 3096 40.
1452 3061 1595 3096 Bucula
1615 3062 1666 3097 ab
1685 3063 1696 3107 ΙΙ
1715 3064 1770 3097 43.
1791 3060 2018 3096 Bumbosum

288 3128 457 3150 sonosinn
487 3117 725 3152 furibundum
752 3131 773 3152 (ι
806 3121 817 3163 ΙΙ
849 3123 904 3153 44.
932 3121 997 3153 :int
1023 3120 1214 3164 sepultura
1239 3132 1258 3155 c
1293 3123 1305 3165 ΙΙ
1343 3125 1396 3156 48.
1426 3120 1579 3168 Buces-iq
1606 3121 1657 3156 ab
1687 3122 1699 3165 ΙΙ
1730 3123 1785 3155 50.
1811 3119 1933 3154 lutum
1958 3120 1984 3154 cl
2011 3120 2014 3166 Ι

287 3174 470 3209 lnwrlnrii
499 3177 718 3211 sulnwntlnn
747 3179 770 3211 «l
789 3180 800 3222 ΙΙ
820 3182 875 3212 51.
903 3179 1034 3213 Rota-us
1061 3181 1112 3215 ccl
1131 3182 1143 3225 ΙΙ

2125 3092 2153 3522 Εέξᾏᾟεωωὲψὲ·
2136 3047 2154 3084 ῑψ·
