2170 3522
562 159 774 195 GLOSSAE
803 159 987 196 CODICIS
1015 158 1374 195 SANGALLENSIS
1401 163 1468 194 912

141 270 323 312 Sedulus
357 270 528 325 freques
563 269 738 311 asiduus

142 342 367 385 Sectamur
400 342 622 396 sequimur
653 341 925 384 immitamur

142 414 273 457 Secus
307 414 436 455 aliter
468 416 511 461 et
542 428 678 468 prope

103 498 121 522 4
142 485 273 528 Secus
307 500 436 540 quam
470 499 598 540 quam
631 484 759 526 aliter

26 566 107 597 13οΥ
143 558 323 600 Sectans
356 571 558 598 exercens

141 629 292 672 Sector
324 630 560 683 usurpatur

140 699 348 757 Secelet¹)
383 700 529 742 untiae
561 701 730 755 pondus
764 703 830 742 est

141 772 323 816 Sedulus
355 773 530 828 freques
563 773 738 814 asiduus

140 843 308 887 Sedicio
342 844 601 900 disceptatio

86 929 119 955 10
141 915 377 973 Segmenta
403 917 518 972 quod
544 932 566 959 e
594 919 766 959 sectura
787 931 902 970 serre
930 931 995 958 ca-

200 989 302 1030 dent

141 1059 356 1103 Sedolitas
389 1060 598 1103 asiduitas

141 1132 274 1175 Sedat
306 1133 483 1189 mitigat

141 1203 339 1247 Secrinat
372 1208 589 1248 secretum
621 1205 728 1247 facit

142 1275 453 1319 Semicinctum
476 1278 589 1333 quod
603 1277 831 1319 dimidium
847 1277 996 1334 cingat

88 1363 121 1389 15
142 1347 365 1390 Semiuero
399 1349 648 1391 effeminato

140 1419 275 1462 Senta
308 1421 481 1463 sordida

141 1491 336 1535 Sentetia
367 1494 493 1535 firma
525 1496 569 1535 et
600 1493 848 1536 indubitata

142 1563 287 1620 Sepsit
320 1566 604 1608 circumdedit

25 1648 114 1680 130u
142 1634 267 1691 Serre
300 1638 412 1680 unde
445 1639 572 1693 ianue
605 1638 859 1681 muniuntur

88 1726 122 1750 20
145 1707 280 1751 Sexus
312 1712 471 1753 natura

143 1780 410 1824 Semenstria
450 1783 563 1825 liber
602 1783 647 1825 in
686 1798 770 1838 quo
804 1784 997 1826 actiones

200 1869 275 1896 sex
308 1870 536 1898 mensuum
570 1856 819 1898 continetur

142 1925 360 1969 Scelestus
394 1928 568 1970 sceleris
601 1928 860 1971 adinuentus

142 1996 386 2041 Sceleratus
409 2001 483 2056 qui
504 2001 679 2043 sceleris
700 2015 812 2056 pena
831 2000 999 2055 patitur

145 2069 307 2113 Sceuus
341 2072 526 2115 sinester

91 2157 126 2184 25
148 2142 300 2186 Scema
333 2145 478 2201 imago

144 2214 281 2258 Sceua
311 2232 448 2271 praua
479 2218 667 2261 sinestra

146 2286 341 2330 Scenitas
373 2291 570 2344 prauitas

1800 159 1886 200 283

1037 269 1221 325 Scerpus
1272 270 1424 312 iuncus
1481 270 1591 311 unde
1649 269 1886 311 calamauci

1092 342 1203 383 fiunt

1034 412 1263 468 Sceptrum
1296 414 1421 470 uirga
1453 413 1613 470 regalis

1036 484 1174 527 Scena
1204 486 1331 527 ludus
1364 485 1563 527 mimicus
1596 485 1641 526 in
1675 485 1846 526 theatro
1907 496 1941 521 30

1035 556 1236 599 Scemata
1250 572 1379 599 arena
1393 557 1468 598 ubi
1483 558 1647 598 athlete
1667 557 1888 598 luctantur

1035 628 1338 684 Scenophygia
1383 629 1533 684 templi
1573 629 1803 671 fabricatio
1844 631 1998 670 et1311·

1092 716 1190 742 cum
1229 700 1509 742 tabernacula
1546 700 1697 755 figitur
1741 715 1886 742 mense

1094 771 1358 828 septembrio

1038 843 1164 886 Serta
1197 859 1380 886 coronae
1415 859 1465 884 ex
1497 843 1678 886 floribus

1035 915 1220 958 Serenus
1254 915 1382 958 elaris
1414 916 1556 957 laetus

1036 988 1150 1030 Serit
1184 988 1370 1030 seminat
1402 987 1508 1029 dicit
1909 1000 1942 1025 35

1036 1060 1157 1102 Seria
1191 1060 1394 1102 molestia
1425 1059 1574 1116 grauis

1037 1132 1142 1175 Sero
1176 1133 1305 1174 darde

1036 1204 1121 1247 Seu
1154 1204 1244 1246 siue

1036 1278 1173 1320 Serua
1205 1278 1372 1319 ancella

1037 1350 1284 1392 Semiuiuus
1319 1350 1484 1391 medius
1519 1349 1646 1390 uiuus
1910 1363 1944 1386 40

1037 1421 1183 1464 Seruit
1216 1422 1450 1464 seminauit
1483 1421 1592 1463 dixit

1037 1494 1256 1536 Seueritas
1289 1493 1520 1549 integritas
1554 1493 1702 1535 iudicii

1039 1565 1225 1609 Seuerus
1259 1567 1481 1608 modestus
1515 1565 1749 1607 distrectus

1037 1639 1264 1682 Seuenites
1287 1638 1376 1694 lapi
1402 1638 1622 1694 praecisus
1649 1638 1770 1680 cuius
1799 1653 1894 1680 can-
1913 1652 1949 1676 44

1094 1712 1173 1753 dor
1219 1726 1316 1753 cum
1360 1712 1463 1753 luna
1509 1711 1647 1765 adque
1700 1710 1892 1751 minuere

1098 1783 1290 1825 cernitur

1038 1855 1380 1912 Septimontium
1431 1855 1521 1896 dies
1572 1858 1716 1897 certus
1772 1855 1892 1897 urbis
1923 1864 2011 1895 131u

1096 1943 1217 1982 rome
1277 1942 1361 1983 qua
1411 1942 1541 1982 super
1597 1929 1892 1983 septemontes

1097 2001 1218 2043 sedet

1039 2072 1312 2116 Semisitium
1362 2072 1667 2128 semigladium
1717 2071 1787 2112 uel
1835 2070 1894 2112 di-

1097 2145 1212 2199 mide
1245 2146 1368 2200 spate

1039 2216 1206 2260 Semoti
1240 2216 1430 2271 separati

1040 2290 1245 2332 Seorsum
1278 2288 1467 2330 diuisum
1501 2290 1751 2343 separatum

240 2468 273 2511 1)
295 2472 381 2512 post
405 2469 421 2502 t
446 2473 620 2514 quattuor
643 2470 717 2512 fere
744 2470 886 2505 litterae
911 2469 1048 2504 deletae
1067 2469 1078 2512 ΙΙ

239 2627 269 2660 1.
284 2623 458 2669 frequens
474 2623 647 2658 assiduus
662 2626 771 2661 abccl
791 2627 801 2670 ΙΙ
821 2630 853 2661 2.
866 2624 1147 2660 imitamurabc
1166 2626 1177 2669 ΙΙ
1197 2629 1228 2659 6.
1242 2624 1414 2658 Sectator
1427 2624 1628 2668 usurpator
1642 2623 1692 2657 ab
1712 2624 1723 2666 ΙΙ
1745 2625 1775 2658 7.
1791 2622 1897 2656 Secel

142 2683 254 2718 siclus
281 2683 389 2732 uncie
417 2685 436 2719 b
467 2686 479 2730 ΙΙ
512 2688 543 2719 8.
571 2685 617 2728 cf.
646 2690 663 2719 1
697 2687 708 2731 ΙΙ
742 2690 772 2720 9.
802 2684 943 2720 Seditio
972 2685 1081 2720 abed
1101 2686 1111 2730 ΙΙ
1135 2688 1187 2718 10.
1215 2694 1259 2717 ea
1286 2695 1357 2731 que
1386 2683 1431 2717 de
1459 2684 1607 2717 sectura
1634 2694 1731 2729 serre
1759 2682 1896 2716 cadent

142 2742 272 2778 circuli
298 2745 349 2779 ab
387 2746 399 2789 ΙΙ
438 2748 492 2780 11.
521 2743 711 2780 Sedulitas
739 2745 943 2780 assiduitas
970 2746 1080 2780 abed
1111 2746 1123 2790 ΙΙ
1155 2748 1209 2779 13.
1238 2756 1304 2779 om.
1332 2744 1442 2779 abed
1473 2745 1484 2788 ΙΙ
1524 2745 1578 2777 15.
1607 2741 1782 2776 semiuiro
1809 2743 1861 2777 bd
1885 2742 1896 2788 ΙΙ

144 2807 199 2840 17.
226 2802 423 2838 Sententia
448 2805 499 2839 ab
518 2807 530 2849 ΙΙ
559 2809 611 2840 19.
640 2804 726 2840 Sere
753 2807 837 2841 abd
855 2807 867 2850 ΙΙ
888 2809 943 2840 21.
970 2803 1156 2839 mensium
1182 2805 1232 2840 ab
1252 2807 1263 2849 ΙΙ
1283 2808 1340 2839 2-2.
1368 2802 1593 2837 adiuuentor
1619 2803 1699 2837 abc
1719 2804 1729 2847 ΙΙ
1750 2805 1805 2836 23.
1832 2811 1895 2846 pe-

141 2874 229 2897 nam
256 2864 306 2898 ab
325 2864 337 2909 ΙΙ
357 2867 413 2900 24.
441 2862 593 2898 sinister
618 2876 636 2900 c
655 2867 666 2910 ΙΙ
692 2869 748 2901 26.
776 2864 928 2900 sinistra
954 2876 972 2900 c
991 2866 1002 2909 ΙΙ
1022 2868 1078 2900 28.
1106 2863 1255 2909 Scirpus
1277 2865 1327 2899 ab
1348 2864 1359 2908 ΙΙ
1380 2867 1436 2899 32,
1465 2861 1723 2906 Scenophegia
1750 2862 1860 2897 abed
1889 2861 1892 2908 Ι

142 2924 308 2969 figuntur
333 2925 384 2959 ab
419 2925 424 2969 Ι
461 2924 664 2969 septembri
691 2926 714 2960 d
746 2927 757 2970 ΙΙ
789 2928 844 2960 34.
872 2923 1005 2958 hilaris
1032 2924 1082 2959 ab
1114 2926 1125 2969 ΙΙ
1157 2927 1213 2959 37.
1240 2924 1348 2958 tarde
1375 2924 1461 2958 abd
1488 2923 1499 2967 ΙΙ
1530 2927 1584 2957 39.
1613 2921 1752 2956 aneilla
1778 2922 1860 2957 abd
1886 2922 1896 2968 ΙΙ

142 2988 199 3019 41.
227 2983 331 3018 Seuit
357 2985 408 3020 ab
428 2986 440 3029 ΙΙ
461 2988 518 3020 43,
545 2983 737 3020 districtus
764 2984 874 3020 abed
892 2986 904 3029 ΙΙ
924 2988 980 3019 44.
1001 2982 1099 3028 lapis
1120 2984 1171 3019 ab
1195 2985 1199 3028 Ι
1223 2995 1307 3017 cum
1333 2983 1423 3017 luna
1450 2992 1613 3016 cresccre
1634 2983 1684 3016 ab
1705 2982 1716 3026 ΙΙ
1737 2986 1791 3016 45.
1814 2980 1894 3016 dies

142 3043 260 3078 festus
280 3045 364 3080 abd
386 3046 391 3089 Ι
414 3044 504 3089 quia
524 3056 637 3089 supra
659 3046 803 3090 septem
822 3044 968 3078 montes
990 3043 1096 3078 sedet
1116 3044 1166 3079 ab
1186 3045 1197 3090 ΙΙ
1216 3047 1272 3079 46,
1296 3042 1513 3078 Semissium
1533 3054 1565 3076 α.
1602 3040 1821 3076 Semiscium
1842 3043 1861 3077 b
1883 3041 1888 3088 Ι

144 3103 253 3147 quasi
278 3104 326 3138 ad
353 3105 505 3139 modum
532 3103 687 3152 dimidie
715 3103 850 3151 spathe
878 3104 928 3138 ab
948 3104 960 3148 ΙΙ
979 3107 1031 3139 47.
1064 3102 1245 3139 Semotim
1272 3102 1475 3149 separatim
1502 3103 1554 3137 ab
1574 3103 1585 3146 ΙΙ
1605 3105 1661 3136 48.
1689 3100 1893 3147 separatim

144 3164 294 3211 interpr.
321 3165 371 3202 cd
389 3166 401 3209 ΙΙ
