2170 3522
557 179 769 215 GLOSSAE
798 178 982 214 CODIOIS
1010 178 1369 214 SANGALLENSIS
1396 182 1463 213 912
1795 178 1880 219 209

43 297 109 328 14¹¹
136 290 288 332 Atlum
345 290 466 331 athla
515 304 823 344 unumquoque
881 303 989 344 opus
1027 287 1200 330 Aureax
1231 302 1370 342 neque
1404 287 1625 330 solitarius

194 361 475 416 palestrinum
532 360 645 415 quod
702 362 755 403 ad
805 361 991 404 uictoria
1027 359 1238 402 Austrare
1270 358 1542 415 humidum2)
1576 359 1715 400 facere

193 433 384 487 pertinet
1028 432 1281 474 Auctoritas
1324 432 1491 473 meritis
1530 430 1748 485 aliquibus
1787 444 1883 471 con-

134 504 262 546 Atria
294 504 418 545 aedes
1089 504 1262 545 firmata
1293 518 1479 558 persona

134 575 360 631 Attollit¹)
394 578 575 631 aggerat
1031 574 1289 616 Aucturatio
1316 574 1500 616 uinditio
1526 589 1626 616 nam
1648 574 1890 616 subauetofi
1906 582 1940 608 3⁰

135 649 332 703 Atnepus
354 647 582 702 abnepotis
603 646 718 688 filius
737 648 991 702 pronepotis
1090 645 1200 702 est3)
1235 647 1309 701 qui
1342 662 1432 688 rem
1465 646 1649 688 uindunt

192 733 329 775 nepus
1030 718 1421 760 Auctoramentum
1456 718 1551 773 ipsa
1583 732 1651 759 res
1683 717 1885 759 uinditio-

98 803 116 828 5
135 790 303 846 Atquin
335 791 473 846 adque
505 790 601 833 ideo
1086 791 1155 833 nis

134 863 249 905 Aula
280 863 432 905 domus
465 863 586 919 regia
1029 863 1238 918 Auspicio
1271 863 1317 904 in
1350 862 1442 904 auis
1469 861 1672 903 nuntium
1701 861 1815 915 quod
1841 860 1885 901 in

133 934 286 977 Aulice
318 935 527 976 minester
557 934 674 991 regis
1090 951 1167 977 aue
1201 934 1439 990 aspiciatur

134 1006 343 1062 Auspicia
376 1007 545 1049 somnia
1031 1007 1276 1063 Augurium
1311 1006 1437 1062 signa
1469 1005 1616 1047 auium
1642 1004 1885 1046 uolantium

134 1078 340 1134 Auspicei
373 1081 475 1121 sunt
507 1079 729 1121 consecuti
763 1082 864 1120 sunt
1031 1079 1315 1122 Autionarius
1350 1078 1423 1134 qui
1455 1081 1569 1120 emet
1916 1084 2008 1116 1511.

82 1162 115 1187 10
134 1150 336 1207 Aucupat
370 1152 487 1207 capit
1033 1151 1291 1193 Aurifodina
1322 1150 1548 1192 metallum
1908 1160 1941 1184 35

135 1222 392 1279 Aucupatur
424 1226 578 1265 enatur
1032 1223 1204 1266 Aurora
1234 1223 1371 1265 nubes
1404 1237 1529 1265 rosea
1561 1224 1660 1263 ante
1694 1221 1783 1263 sole

134 1295 280 1337 Audet
312 1310 442 1338 ausus
477 1298 543 1338 est
1029 1294 1217 1336 Auleum
1256 1297 1300 1336 et
1339 1295 1462 1337 aulea
1501 1294 1707 1336 straclum
1753 1308 1888 1349 genus

134 1367 356 1410 Audacter
388 1368 608 1409 audaciter
1090 1366 1255 1421 cortine
1288 1367 1448 1423 regalis

135 1438 359 1481 Audenter
393 1440 658 1481 confidenter
1030 1438 1282 1494 Augustum
1313 1438 1681 1480 uenerbilisancto

83 1522 116 1548 15
136 1512 381 1554 Autumant
413 1511 562 1554 dicunt
595 1511 832 1553 aestimant
1032 1511 1241 1553 Auidium
1280 1511 1523 1566 antiquitus
1566 1511 1635 1552 uel
1679 1510 1890 1552 ababibus

136 1584 290 1626 Austri
321 1584 507 1640 nymbae
539 1584 658 1626 uenti
1091 1583 1301 1626 relectum

53 1664 111 1695 15¹
136 1655 297 1698 Auitus
331 1656 499 1699 anticus
1033 1655 1279 1712 Augustius
1313 1655 1506 1697 sanctius
1539 1655 1734 1709 pulcrius
1912 1668 1945 1690 40

136 1727 386 1770 Austeritas
420 1728 662 1770 amaritudo
1033 1728 1190 1770 Ausim
1223 1728 1358 1769 audeo

136 1799 304 1842 Auidus
339 1815 495 1843 auarus
529 1801 707 1856 copidus
1032 1799 1176 1842 Aucta
1209 1799 1482 1855 superposita

84 1885 118 1910 20
137 1871 291 1929 Augus
325 1873 398 1928 qui
431 1888 533 1915 aues
567 1873 744 1929 colliget
1033 1871 1190 1914 Aurire
1223 1887 1392 1914 sumere
1426 1871 1604 1926 implere

137 1944 252 1986 Auia
283 1948 405 1987 extra
436 1945 508 1987 uia
1035 1943 1266 1999 Auspicari
1299 1943 1468 1985 somnia
1499 1943 1716 1998 inquirere

137 2016 300 2059 Auium
334 2021 549 2060 secretum
582 2018 681 2060 auia
1035 2016 1170 2058 Autio
1203 2016 1377 2071 puplica
1410 2015 1594 2057 uinditio
1912 2026 1946 2051 45

137 2088 306 2131 Auellit
338 2090 458 2132 tollit
1035 2089 1208 2144 Auceps
1243 2089 1389 2130 auium
1422 2090 1607 2129 uenatur

139 2161 308 2204 Auulsa
340 2162 566 2204 subtracta
1036 2160 1288 2202 Auuneolus
1316 2160 1452 2201 frater
1485 2159 1638 2201 matris

86 2245 118 2271 25
138 2233 281 2276 Austa
310 2237 438 2290 putta
1036 2232 1261 2274 Aunculus
1295 2247 1478 2288 magnus
1512 2232 1648 2273 frater
1681 2230 1803 2272 auiae

140 2305 282 2348 Ausat
313 2309 521 2363 gustauat
1036 2305 1205 2360 Auriga
1237 2305 1430 2360 agitatur

237 2451 271 2494 1)
304 2449 317 2484 i
342 2461 370 2486 s.
395 2461 462 2485 scr.
487 2461 534 2485 m.
562 2452 582 2484 1
608 2450 620 2495 ΙΙ
652 2449 688 2493 2)
714 2459 738 2482 u
759 2451 844 2493 post
870 2447 894 2481 d
919 2458 963 2483 ea:
987 2459 1023 2491 n,
1049 2451 1091 2482 at
1116 2447 1201 2490 vid,
1229 2457 1319 2481 corr.
1343 2447 1468 2491 prima
1494 2457 1625 2480 mcmas
1654 2446 1664 2490 ΙΙ
1694 2446 1729 2490 3)
1757 2446 1893 2478 aucton

139 2511 198 2543 est
221 2521 266 2545 m.
294 2514 325 2544 1.
354 2511 493 2545 auctofi
521 2510 579 2544 est
603 2520 648 2544 m.
674 2512 700 2544 2
720 2508 731 2553 ΙΙ

214 2645 268 2677 v1.
298 2641 451 2676 Athlum
485 2642 536 2676 ab
584 2642 589 2685 Ι
635 2639 927 2684 unumquodque
960 2641 1043 2675 abd
1089 2642 1093 2684 Ι
1140 2638 1339 2674 uictoriam
1373 2639 1457 2673 abd
1499 2639 1511 2683 ΙΙ
1554 2641 1587 2673 4.
1613 2637 1780 2681 Atnepos
1807 2637 1857 2671 ab
1884 2636 1894 2680 ξ’

144 2704 174 2736 7.
203 2700 326 2736 Aulioi
351 2702 375 2737 d
410 2704 414 2744 Ι
448 2699 612 2734 ministri
638 2701 746 2736 abed
777 2702 788 2746 ΙΙ
827 2704 857 2735 9.
884 2698 1081 2744 Auspicati
1108 2700 1159 2734 bd
1185 2704 1217 2734 et
1243 2710 1260 2734 e
1285 2710 1376 2734 corr.
1404 2712 1426 2733 a
1457 2700 1468 2743 ΙΙ
1508 2702 1562 2733 10,
1590 2709 1678 2732 aues
1706 2695 1808 2740 capit
1834 2696 1858 2730 d
1883 2696 1893 2708 '¹

143 2765 198 2796 11.
218 2761 435 2806 Aucupator
460 2761 618 2794 uenator
638 2761 689 2795 ab
708 2761 721 2806 ΙΙ
742 2763 796 2795 16.
818 2758 937 2793 nimbi
957 2759 1067 2794 abed
1086 2760 1097 2802 ΙΙ
1120 2761 1173 2793 17.
1194 2757 1372 2802 antiquus
1394 2759 1505 2793 abed
1523 2760 1534 2803 Η
1557 2762 1610 2792 19.
1632 2755 1788 2801 cupidus
1808 2756 1858 2790 cd
1883 2756 1894 2801 Η

142 2825 197 2856 20.
224 2820 354 2866 Augur
380 2822 465 2856 abd
486 2825 490 2863 1
515 2819 661 2865 colligit
687 2821 771 2855 abd
796 2821 808 2865 ss
833 2823 889 2854 25.
915 2820 1052 2864 putata
1077 2830 1095 2854 c
1119 2821 1131 2863 ss
1156 2823 1212 2854 26.
1240 2817 1351 2852 Ausit
1376 2817 1548 2862 gustauit
1574 2829 1591 2852 c
1611 2819 1621 2862 ΙΙ
1647 2820 1702 2851 27.
1732 2826 1894 2859 nequam

143 2881 237 2916 abd.
274 2891 398 2925 nequa
425 2892 443 2916 c
474 2883 485 2926 ΙΙ
517 2884 572 2915 30.
599 2879 819 2914 Auctoratio
846 2880 931 2914 abd
965 2881 969 2922 Ι
1004 2877 1172 2913 uenditio
1200 2878 1286 2913 abd
1315 2883 1319 2921 Ι
1349 2876 1608 2911 auctoratione
1636 2877 1722 2909 sunt
1748 2873 1894 2919 gladia—

142 2942 241 2975 tores
280 2940 345 2985 qui
384 2951 422 2975 se
454 2939 619 2974 uendent
650 2940 701 2975 ab
745 2941 756 2985 ss
800 2943 855 2975 31.
892 2937 1121 2973 uenditionis
1160 2938 1245 2973 abd
1287 2939 1298 2983 11
1342 2942 1397 2972 32.
1432 2935 1651 2981 Auspicium
1690 2933 1770 2968 auis
1809 2935 1859 2968 cd
1884 2974 1885 2979 Ἰ

144 3004 199 3036 34.
220 2999 484 3036 Auctionarius
511 3001 564 3036 ab
587 3001 592 3046 Ι
615 2999 706 3034 emit
732 3001 816 3035 abd
835 3002 846 3044 Η
867 3004 922 3034 36.
944 2998 1060 3033 solem
1081 2999 1190 3033 abed
1209 3000 1220 3044 ΙΙ
1240 3001 1296 3034 37.
1320 2997 1528 3042 stragulum
1556 2996 1639 3030 abd
1662 2997 1666 3039 Ι
1689 2994 1749 3028 uel
1776 3004 1893 3037 genus

144 3062 227 3096 abd
249 3061 254 3108 Ι
277 3060 420 3109 curtine
448 3061 532 3095 abd
552 3062 563 3106 ΙΙ
583 3064 638 3095 38.
661 3061 831 3094 sanctum
859 3057 1073 3093 uenerabile
1100 3062 1347 3104 transponant
1374 3058 1459 3093 abd
1477 3058 1488 3101 ΙΙ
1508 3060 1563 3090 39.
1585 3053 1781 3089 Auitiuum
1807 3054 1858 3088 ab
1888 3056 1891 3100 Ι

145 3121 192 3155 ab
218 3121 299 3156 auis
326 3121 498 3156 relictum
518 3121 569 3156 ab
594 3119 606 3167 Η
631 3123 686 3154 45.
715 3119 848 3155 Auctio
876 3119 961 3154 abd
994 3119 999 3163 Ι
1034 3117 1202 3153 uenditio
1229 3119 1254 3153 d
1285 3120 1297 3163 [Ι
1327 3121 1373 3152 46
1413 3116 1537 3150 auium
1565 3115 1722 3149 uenator
1748 3113 1858 3149 abed
1885 3114 1893 3158 Η

145 3185 201 3217 49.
228 3193 401 3217 curruum
426 3181 593 3226 agitator
618 3181 668 3215 ab
687 3181 699 3225 ΙΙ
1547 3164 1555 3173 ’

216 3249 302 3280 Coi-p.
323 3249 412 3280 gloss.
431 3248 485 3274 lat.
506 3250 576 3273 tom.
597 3247 649 3273 IV.
1566 3237 1608 3270 14
