<?xml version="1.0" encoding="UTF-8"?>
<!DOCTYPE html PUBLIC "-//W3C//DTD XHTML 1.0 Transitional//EN"
    "http://www.w3.org/TR/xhtml1/DTD/xhtml1-transitional.dtd">
<html xmlns="http://www.w3.org/1999/xhtml" xml:lang="en" lang="en">
 <head>
  <title>
</title>
<meta http-equiv="Content-Type" content="text/html;charset=utf-8" />
  <meta name='ocr-system' content='tesseract 3.04.00' />
  <meta name='ocr-capabilities' content='ocr_page ocr_carea ocr_par ocr_line ocrx_word'/>
</head>
<body>
  <div class='ocr_page' id='page_1' title='image "./corpusglossarior04linduoft/corpusglossarior04linduoft_0431.png"; bbox 0 0 2170 3522; ppageno 0'>
   <div class='ocr_carea' id='block_1_1' title="bbox 794 156 1228 193">
    <p class='ocr_par' dir='ltr' id='par_1_1' title="bbox 794 156 1228 193">
     <span class='ocr_line' id='line_1_1' title="bbox 794 156 1228 193; baseline -0.005 0"><span class='ocrx_word' id='word_1_1' title='bbox 794 156 1007 193; x_wconf 61' lang='lat' dir='ltr'>GLOSSAE</span> <span class='ocrx_word' id='word_1_2' title='bbox 1035 156 1228 192; x_wconf 76' lang='lat' dir='ltr'>ABAVVS</span> 
     </span>
    </p>
   </div>
   <div class='ocr_carea' id='block_1_2' title="bbox 85 269 1004 2702">
    <p class='ocr_par' dir='ltr' id='par_1_2' title="bbox 85 269 1004 2702">
     <span class='ocr_line' id='line_1_2' title="bbox 138 269 994 326; baseline -0.004 -13"><span class='ocrx_word' id='word_1_3' title='bbox 138 271 376 326; x_wconf 87' lang='lat' dir='ltr'>Praecepto</span> <span class='ocrx_word' id='word_1_4' title='bbox 416 269 648 312; x_wconf 85' lang='lat' dir='ltr'>oboediens</span> <span class='ocrx_word' id='word_1_5' title='bbox 689 269 805 311; x_wconf 87' lang='lat' dir='ltr'>dicto</span> <span class='ocrx_word' id='word_1_6' title='bbox 838 283 994 324; x_wconf 86' lang='lat' dir='ltr'>parens</span> 
     </span>
     <span class='ocr_line' id='line_1_3' title="bbox 136 341 994 397; baseline -0.002 -13"><span class='ocrx_word' id='word_1_7' title='bbox 136 342 406 397; x_wconf 69' lang='lat' dir='ltr'>Praecipitat</span> <span class='ocrx_word' id='word_1_8' title='bbox 444 344 603 397; x_wconf 90' lang='lat' dir='ltr'>urguet</span> <span class='ocrx_word' id='word_1_9' title='bbox 634 341 806 396; x_wconf 73' lang='lat' dir='ltr'>inpellit</span> <span class='ocrx_word' id='word_1_10' title='bbox 837 341 908 383; x_wconf 91' lang='lat' dir='ltr'>uel</span> <span class='ocrx_word' id='word_1_11' title='bbox 942 341 994 382; x_wconf 85' lang='lat' dir='ltr'>ab</span> 
     </span>
     <span class='ocr_line' id='line_1_4' title="bbox 197 413 478 456; baseline -0.007 0"><span class='ocrx_word' id='word_1_12' title='bbox 197 415 287 456; x_wconf 89' lang='lat' dir='ltr'>alto</span> <span class='ocrx_word' id='word_1_13' title='bbox 321 413 478 456; x_wconf 88' lang='lat' dir='ltr'>deiecit</span> 
     </span>
     <span class='ocr_line' id='line_1_5' title="bbox 138 485 798 542; baseline -0.003 -13"><span class='ocrx_word' id='word_1_14' title='bbox 138 486 459 542; x_wconf 81' lang='lat' dir='ltr'>Praecipitatus</span> <span class='ocrx_word' id='word_1_15' title='bbox 492 485 798 541; x_wconf 79' lang='lat' dir='ltr'>pessumdatus</span> 
     </span>
     <span class='ocr_line' id='line_1_6' title="bbox 137 558 996 614; baseline -0.002 -13"><span class='ocrx_word' id='word_1_16' title='bbox 137 559 402 614; x_wconf 80' lang='lat' dir='ltr'>Praecipuae</span> <span class='ocrx_word' id='word_1_17' title='bbox 418 558 605 599; x_wconf 84' lang='lat' dir='ltr'>maxime</span> <span class='ocrx_word' id='word_1_18' title='bbox 626 572 783 614; x_wconf 83' lang='lat' dir='ltr'>magne</span> <span class='ocrx_word' id='word_1_19' title='bbox 806 558 996 613; x_wconf 81' lang='lat' dir='ltr'>optimae</span> 
     </span>
     <span class='ocr_line' id='line_1_7' title="bbox 103 630 877 673; baseline -0.003 0"><span class='ocrx_word' id='word_1_20' title='bbox 103 643 118 669; x_wconf 83' lang='lat'><strong>5</strong></span> <span class='ocrx_word' id='word_1_21' title='bbox 139 631 418 673; x_wconf 84' lang='lat' dir='ltr'>Praeclarum</span> <span class='ocrx_word' id='word_1_22' title='bbox 452 632 652 672; x_wconf 90' lang='lat' dir='ltr'>sanctum</span> <span class='ocrx_word' id='word_1_23' title='bbox 684 630 877 672; x_wconf 90' lang='lat' dir='ltr'>nobilem</span> 
     </span>
     <span class='ocr_line' id='line_1_8' title="bbox 138 702 997 758; baseline -0.002 -13"><span class='ocrx_word' id='word_1_24' title='bbox 138 703 426 745; x_wconf 85' lang='lat' dir='ltr'>Praeconium</span> <span class='ocrx_word' id='word_1_25' title='bbox 446 702 714 758; x_wconf 87' lang='lat' dir='ltr'>praedicatio</span> <span class='ocrx_word' id='word_1_26' title='bbox 731 702 913 744; x_wconf 88' lang='lat' dir='ltr'>alicuius</span> <span class='ocrx_word' id='word_1_27' title='bbox 936 702 997 743; x_wconf 89' lang='lat' dir='ltr'>rei</span> 
     </span>
     <span class='ocr_line' id='line_1_9' title="bbox 137 775 689 830; baseline -0.002 -13"><span class='ocrx_word' id='word_1_28' title='bbox 137 775 330 817; x_wconf 85' lang='lat' dir='ltr'>Praecox</span> <span class='ocrx_word' id='word_1_29' title='bbox 361 778 689 830; x_wconf 89' lang='lat' dir='ltr'>praematurum</span> 
     </span>
     <span class='ocr_line' id='line_1_10' title="bbox 138 847 690 902; baseline -0.002 -13"><span class='ocrx_word' id='word_1_30' title='bbox 138 847 326 889; x_wconf 88' lang='lat' dir='ltr'>Praedat</span> <span class='ocrx_word' id='word_1_31' title='bbox 359 850 506 889; x_wconf 88' lang='lat' dir='ltr'>uastat</span> <span class='ocrx_word' id='word_1_32' title='bbox 539 847 690 902; x_wconf 85' lang='lat' dir='ltr'>diripit</span> 
     </span>
     <span class='ocr_line' id='line_1_11' title="bbox 138 920 997 962; baseline -0.001 0"><span class='ocrx_word' id='word_1_33' title='bbox 138 920 326 962; x_wconf 88' lang='lat' dir='ltr'>Praedes</span> <span class='ocrx_word' id='word_1_34' title='bbox 365 920 498 962; x_wconf 90' lang='lat' dir='ltr'>uades</span> <span class='ocrx_word' id='word_1_35' title='bbox 537 920 580 962; x_wconf 89' lang='lat' dir='ltr'>id</span> <span class='ocrx_word' id='word_1_36' title='bbox 622 923 689 962; x_wconf 89' lang='lat' dir='ltr'>est</span> <span class='ocrx_word' id='word_1_37' title='bbox 721 920 997 962; x_wconf 87' lang='lat' dir='ltr'>fideiussores</span> 
     </span>
     <span class='ocr_line' id='line_1_12' title="bbox 85 991 999 1035; baseline -0.001 -1"><span class='ocrx_word' id='word_1_38' title='bbox 85 1003 119 1029; x_wconf 90' lang='lat'>10</span> <span class='ocrx_word' id='word_1_39' title='bbox 139 992 358 1035; x_wconf 88' lang='lat' dir='ltr'>Praedicit</span> <span class='ocrx_word' id='word_1_40' title='bbox 374 995 473 1034; x_wconf 87' lang='lat' dir='ltr'>ante</span> <span class='ocrx_word' id='word_1_41' title='bbox 490 992 596 1034; x_wconf 91' lang='lat' dir='ltr'>dicit</span> <span class='ocrx_word' id='word_1_42' title='bbox 610 992 808 1034; x_wconf 87' lang='lat' dir='ltr'>futurum</span> <span class='ocrx_word' id='word_1_43' title='bbox 822 991 999 1034; x_wconf 88' lang='lat' dir='ltr'>nuntiat</span> 
     </span>
     <span class='ocr_line' id='line_1_13' title="bbox 139 1065 626 1120; baseline -0.002 -13"><span class='ocrx_word' id='word_1_44' title='bbox 139 1065 372 1107; x_wconf 86' lang='lat' dir='ltr'>Praedium</span> <span class='ocrx_word' id='word_1_45' title='bbox 404 1065 626 1120; x_wconf 89' lang='lat' dir='ltr'>possessio</span> 
     </span>
     <span class='ocr_line' id='line_1_14' title="bbox 138 1136 704 1193; baseline 0 -14"><span class='ocrx_word' id='word_1_46' title='bbox 138 1136 371 1179; x_wconf 86' lang='lat' dir='ltr'>Praefatur</span> <span class='ocrx_word' id='word_1_47' title='bbox 404 1137 704 1193; x_wconf 87' lang='lat' dir='ltr'>anteloquitur</span> 
     </span>
     <span class='ocr_line' id='line_1_15' title="bbox 139 1209 729 1266; baseline -0.002 -14"><span class='ocrx_word' id='word_1_48' title='bbox 139 1209 387 1252; x_wconf 83' lang='lat' dir='ltr'>Praefixum</span> <span class='ocrx_word' id='word_1_49' title='bbox 418 1212 729 1266; x_wconf 89' lang='lat' dir='ltr'>praerogatum</span> 
     </span>
     <span class='ocr_line' id='line_1_16' title="bbox 138 1282 553 1339; baseline -0.005 -14"><span class='ocrx_word' id='word_1_50' title='bbox 138 1282 337 1339; x_wconf 87' lang='lat' dir='ltr'>Praegna</span> <span class='ocrx_word' id='word_1_51' title='bbox 371 1282 553 1339; x_wconf 86' lang='lat' dir='ltr'>grauida</span> 
     </span>
     <span class='ocr_line' id='line_1_17' title="bbox 86 1354 999 1397; baseline 0 -1"><span class='ocrx_word' id='word_1_52' title='bbox 86 1364 120 1391; x_wconf 87' lang='lat'>15</span> <span class='ocrx_word' id='word_1_53' title='bbox 139 1354 248 1397; x_wconf 89' lang='lat' dir='ltr'>Prae</span> <span class='ocrx_word' id='word_1_54' title='bbox 289 1369 356 1396; x_wconf 89' lang='lat' dir='ltr'>me</span> <span class='ocrx_word' id='word_1_55' title='bbox 395 1354 500 1396; x_wconf 92' lang='lat' dir='ltr'>tulit</span> <span class='ocrx_word' id='word_1_56' title='bbox 538 1355 663 1397; x_wconf 88' lang='lat' dir='ltr'>ualde</span> <span class='ocrx_word' id='word_1_57' title='bbox 704 1371 771 1397; x_wconf 90' lang='lat' dir='ltr'>me</span> <span class='ocrx_word' id='word_1_58' title='bbox 811 1355 915 1397; x_wconf 88' lang='lat' dir='ltr'>tulit</span> <span class='ocrx_word' id='word_1_59' title='bbox 957 1355 999 1397; x_wconf 86' lang='lat' dir='ltr'>id</span> 
     </span>
     <span class='ocr_line' id='line_1_18' title="bbox 199 1427 495 1469; baseline -0.003 0"><span class='ocrx_word' id='word_1_60' title='bbox 199 1430 266 1469; x_wconf 89' lang='lat' dir='ltr'>est</span> <span class='ocrx_word' id='word_1_61' title='bbox 298 1427 495 1469; x_wconf 89' lang='lat' dir='ltr'>laudauit</span> 
     </span>
     <span class='ocr_line' id='line_1_19' title="bbox 139 1499 669 1555; baseline 0 -13"><span class='ocrx_word' id='word_1_62' title='bbox 139 1499 406 1543; x_wconf 88' lang='lat' dir='ltr'>Praemulcit</span> <span class='ocrx_word' id='word_1_63' title='bbox 438 1500 536 1555; x_wconf 87' lang='lat' dir='ltr'>plus</span> <span class='ocrx_word' id='word_1_64' title='bbox 569 1500 669 1542; x_wconf 90' lang='lat' dir='ltr'>linit</span> 
     </span>
     <span class='ocr_line' id='line_1_20' title="bbox 140 1572 741 1615; baseline -0.002 0"><span class='ocrx_word' id='word_1_65' title='bbox 140 1572 387 1615; x_wconf 89' lang='lat' dir='ltr'>Praenimio</span> <span class='ocrx_word' id='word_1_66' title='bbox 421 1572 566 1615; x_wconf 89' lang='lat' dir='ltr'>ualido</span> <span class='ocrx_word' id='word_1_67' title='bbox 600 1574 741 1614; x_wconf 91' lang='lat' dir='ltr'>multo</span> 
     </span>
     <span class='ocr_line' id='line_1_21' title="bbox 140 1645 688 1702; baseline 0.002 -15"><span class='ocrx_word' id='word_1_68' title='bbox 140 1645 411 1687; x_wconf 87' lang='lat' dir='ltr'>Praenomen</span> <span class='ocrx_word' id='word_1_69' title='bbox 445 1660 688 1702; x_wconf 80' lang='lat' dir='ltr'>cognomen</span> 
     </span>
     <span class='ocr_line' id='line_1_22' title="bbox 140 1717 568 1773; baseline 0 -13"><span class='ocrx_word' id='word_1_70' title='bbox 140 1717 372 1773; x_wconf 88' lang='lat' dir='ltr'>Praepedit</span> <span class='ocrx_word' id='word_1_71' title='bbox 400 1718 568 1773; x_wconf 88' lang='lat' dir='ltr'>inpedit</span> 
     </span>
     <span class='ocr_line' id='line_1_23' title="bbox 87 1790 1001 1847; baseline 0.001 -15"><span class='ocrx_word' id='word_1_72' title='bbox 87 1800 123 1826; x_wconf 84' lang='lat'>20</span> <span class='ocrx_word' id='word_1_73' title='bbox 142 1790 323 1833; x_wconf 87' lang='lat' dir='ltr'>Pratum</span> <span class='ocrx_word' id='word_1_74' title='bbox 344 1790 465 1832; x_wconf 89' lang='lat' dir='ltr'>locus</span> <span class='ocrx_word' id='word_1_75' title='bbox 489 1790 562 1845; x_wconf 83' lang='lat' dir='ltr'>qui</span> <span class='ocrx_word' id='word_1_76' title='bbox 585 1791 629 1832; x_wconf 89' lang='lat' dir='ltr'>in</span> <span class='ocrx_word' id='word_1_77' title='bbox 653 1791 866 1846; x_wconf 79' lang='lat' dir='ltr'>planiciae</span> <span class='ocrx_word' id='word_1_78' title='bbox 888 1792 1001 1847; x_wconf 87' lang='lat' dir='ltr'>posi-</span> 
     </span>
     <span class='ocr_line' id='line_1_24' title="bbox 200 1866 371 1904; baseline 0 0"><span class='ocrx_word' id='word_1_79' title='bbox 200 1866 270 1904; x_wconf 89' lang='lat' dir='ltr'>tus</span> <span class='ocrx_word' id='word_1_80' title='bbox 305 1866 371 1904; x_wconf 90' lang='lat' dir='ltr'>est</span> 
     </span>
     <span class='ocr_line' id='line_1_25' title="bbox 141 1935 614 1990; baseline 0 -13"><span class='ocrx_word' id='word_1_81' title='bbox 141 1935 377 1990; x_wconf 88' lang='lat' dir='ltr'>Praeponit</span> <span class='ocrx_word' id='word_1_82' title='bbox 410 1935 614 1978; x_wconf 87' lang='lat' dir='ltr'>consistit</span> 
     </span>
     <span class='ocr_line' id='line_1_26' title="bbox 141 2007 713 2064; baseline 0.003 -15"><span class='ocrx_word' id='word_1_83' title='bbox 141 2007 394 2063; x_wconf 88' lang='lat' dir='ltr'>Praeripere</span> <span class='ocrx_word' id='word_1_84' title='bbox 429 2011 528 2050; x_wconf 84' lang='lat' dir='ltr'>ante</span> <span class='ocrx_word' id='word_1_85' title='bbox 562 2024 713 2064; x_wconf 87' lang='lat' dir='ltr'>rapere</span> 
     </span>
     <span class='ocr_line' id='line_1_27' title="bbox 140 2079 642 2137; baseline 0 -15"><span class='ocrx_word' id='word_1_86' title='bbox 140 2079 360 2136; x_wconf 88' lang='lat' dir='ltr'>Praeripit</span> <span class='ocrx_word' id='word_1_87' title='bbox 393 2083 492 2122; x_wconf 89' lang='lat' dir='ltr'>ante</span> <span class='ocrx_word' id='word_1_88' title='bbox 527 2081 642 2137; x_wconf 86' lang='lat' dir='ltr'>rapit</span> 
     </span>
     <span class='ocr_line' id='line_1_28' title="bbox 141 2153 790 2209; baseline 0.002 -14"><span class='ocrx_word' id='word_1_89' title='bbox 141 2153 416 2209; x_wconf 88' lang='lat' dir='ltr'>Praerogans</span> <span class='ocrx_word' id='word_1_90' title='bbox 450 2156 549 2195; x_wconf 85' lang='lat' dir='ltr'>ante</span> <span class='ocrx_word' id='word_1_91' title='bbox 584 2154 790 2209; x_wconf 86' lang='lat' dir='ltr'>inpedens</span> 
     </span>
     <span class='ocr_line' id='line_1_29' title="bbox 88 2225 934 2282; baseline 0.002 -15"><span class='ocrx_word' id='word_1_92' title='bbox 88 2233 121 2260; x_wconf 82' lang='lat'>25</span> <span class='ocrx_word' id='word_1_93' title='bbox 141 2225 482 2282; x_wconf 87' lang='lat' dir='ltr'>Praerogatibus</span> <span class='ocrx_word' id='word_1_94' title='bbox 516 2226 662 2282; x_wconf 84' lang='lat' dir='ltr'>gratia</span> <span class='ocrx_word' id='word_1_95' title='bbox 693 2227 934 2282; x_wconf 86' lang='lat' dir='ltr'>praemissa</span> 
     </span>
     <span class='ocr_line' id='line_1_30' title="bbox 141 2297 1001 2354; baseline 0.001 -14"><span class='ocrx_word' id='word_1_96' title='bbox 141 2297 505 2354; x_wconf 83' lang='lat' dir='ltr'>Praerogatibum</span> <span class='ocrx_word' id='word_1_97' title='bbox 568 2299 828 2341; x_wconf 82' lang='lat' dir='ltr'>beneficium</span> <span class='ocrx_word' id='word_1_98' title='bbox 887 2302 1001 2342; x_wconf 90' lang='lat' dir='ltr'>ante-</span> 
     </span>
     <span class='ocr_line' id='line_1_31' title="bbox 204 2371 354 2413; baseline -0.007 0"><span class='ocrx_word' id='word_1_99' title='bbox 204 2371 354 2413; x_wconf 91' lang='lat' dir='ltr'>datum</span> 
     </span>
     <span class='ocr_line' id='line_1_32' title="bbox 141 2443 799 2500; baseline 0 -14"><span class='ocrx_word' id='word_1_100' title='bbox 141 2443 508 2500; x_wconf 85' lang='lat' dir='ltr'>Praerogatibum</span> <span class='ocrx_word' id='word_1_101' title='bbox 542 2443 799 2499; x_wconf 85' lang='lat' dir='ltr'>suffragium</span> 
     </span>
     <span class='ocr_line' id='line_1_33' title="bbox 140 2515 732 2572; baseline 0 -15"><span class='ocrx_word' id='word_1_102' title='bbox 140 2515 459 2572; x_wconf 84' lang='lat' dir='ltr'>Praerogatum</span> <span class='ocrx_word' id='word_1_103' title='bbox 492 2516 732 2571; x_wconf 80' lang='lat' dir='ltr'>praefixum</span> 
     </span>
     <span class='ocr_line' id='line_1_34' title="bbox 140 2587 1004 2644; baseline 0 -14"><span class='ocrx_word' id='word_1_104' title='bbox 140 2587 426 2644; x_wconf 87' lang='lat' dir='ltr'>Praesagium</span> <span class='ocrx_word' id='word_1_105' title='bbox 472 2588 686 2630; x_wconf 88' lang='lat' dir='ltr'>diuinatio</span> <span class='ocrx_word' id='word_1_106' title='bbox 730 2589 844 2644; x_wconf 89' lang='lat' dir='ltr'>quod</span> <span class='ocrx_word' id='word_1_107' title='bbox 887 2592 1004 2630; x_wconf 85' lang='lat' dir='ltr'>ante-</span> 
     </span>
     <span class='ocr_line' id='line_1_35' title="bbox 200 2660 376 2702; baseline 0 0"><span class='ocrx_word' id='word_1_108' title='bbox 200 2660 376 2702; x_wconf 85' lang='lat' dir='ltr'>nuntiat</span> 
     </span>
    </p>
   </div>
   <div class='ocr_carea' id='block_1_3' title="bbox 1804 153 1889 195">
    <p class='ocr_par' dir='ltr' id='par_1_3' title="bbox 1804 153 1889 195">
     <span class='ocr_line' id='line_1_36' title="bbox 1804 153 1889 195; baseline 0.012 -1"><span class='ocrx_word' id='word_1_109' title='bbox 1804 153 1889 195; x_wconf 81' lang='lat'>379</span> 
     </span>
    </p>
   </div>
   <div class='ocr_carea' id='block_1_4' title="bbox 1032 265 1987 2206">
    <p class='ocr_par' dir='ltr' id='par_1_4' title="bbox 1034 265 1945 396">
     <span class='ocr_line' id='line_1_37' title="bbox 1034 265 1945 324; baseline -0.005 -14"><span class='ocrx_word' id='word_1_110' title='bbox 1034 268 1278 324; x_wconf 85' lang='lat' dir='ltr'>Praesagus</span> <span class='ocrx_word' id='word_1_111' title='bbox 1323 267 1544 323; x_wconf 86' lang='lat' dir='ltr'>praescius</span> <span class='ocrx_word' id='word_1_112' title='bbox 1584 265 1653 307; x_wconf 89' lang='lat' dir='ltr'>uel</span> <span class='ocrx_word' id='word_1_113' title='bbox 1692 267 1792 306; x_wconf 86' lang='lat' dir='ltr'>ante</span> <span class='ocrx_word' id='word_1_114' title='bbox 1830 265 1891 306; x_wconf 83' lang='lat' dir='ltr'>in-</span> <span class='ocrx_word' id='word_1_115' title='bbox 1911 277 1945 300; x_wconf 72' lang='lat'>30</span> 
     </span>
     <span class='ocr_line' id='line_1_38' title="bbox 1092 340 1339 396; baseline 0 -15"><span class='ocrx_word' id='word_1_116' title='bbox 1092 340 1339 396; x_wconf 90' lang='lat' dir='ltr'>uestigatus</span> 
     </span>
    </p>

    <p class='ocr_par' dir='ltr' id='par_1_5' title="bbox 1032 411 1669 466">
     <span class='ocr_line' id='line_1_39' title="bbox 1032 411 1669 466; baseline -0.002 -13"><span class='ocrx_word' id='word_1_117' title='bbox 1032 411 1319 466; x_wconf 88' lang='lat' dir='ltr'>Praeseptum</span> <span class='ocrx_word' id='word_1_118' title='bbox 1353 411 1669 454; x_wconf 90' lang='lat' dir='ltr'>circumdatum</span> 
     </span>
    </p>

    <p class='ocr_par' dir='ltr' id='par_1_6' title="bbox 1035 483 1657 538">
     <span class='ocr_line' id='line_1_40' title="bbox 1035 483 1657 538; baseline -0.003 -12"><span class='ocrx_word' id='word_1_119' title='bbox 1035 484 1302 526; x_wconf 89' lang='lat' dir='ltr'>Praesertim</span> <span class='ocrx_word' id='word_1_120' title='bbox 1336 483 1410 538; x_wconf 90' lang='lat' dir='ltr'>qui</span> <span class='ocrx_word' id='word_1_121' title='bbox 1443 483 1657 525; x_wconf 83' lang='lat' dir='ltr'>maximae</span> 
     </span>
    </p>

    <p class='ocr_par' dir='ltr' id='par_1_7' title="bbox 1036 554 1893 671">
     <span class='ocr_line' id='line_1_41' title="bbox 1036 554 1893 610; baseline -0.005 -11"><span class='ocrx_word' id='word_1_122' title='bbox 1036 557 1144 599; x_wconf 88' lang='lat' dir='ltr'>Prae</span> <span class='ocrx_word' id='word_1_123' title='bbox 1179 571 1222 598; x_wconf 90' lang='lat' dir='ltr'>se</span> <span class='ocrx_word' id='word_1_124' title='bbox 1255 555 1359 598; x_wconf 91' lang='lat' dir='ltr'>tulit</span> <span class='ocrx_word' id='word_1_125' title='bbox 1390 556 1489 610; x_wconf 87' lang='lat' dir='ltr'>plus</span> <span class='ocrx_word' id='word_1_126' title='bbox 1524 570 1653 610; x_wconf 87' lang='lat' dir='ltr'>quam</span> <span class='ocrx_word' id='word_1_127' title='bbox 1687 554 1893 608; x_wconf 87' lang='lat' dir='ltr'>obportet</span> 
     </span>
     <span class='ocr_line' id='line_1_42' title="bbox 1095 627 1606 671; baseline -0.008 0"><span class='ocrx_word' id='word_1_128' title='bbox 1095 629 1199 671; x_wconf 92' lang='lat' dir='ltr'>tulit</span> <span class='ocrx_word' id='word_1_129' title='bbox 1231 628 1300 670; x_wconf 91' lang='lat' dir='ltr'>uel</span> <span class='ocrx_word' id='word_1_130' title='bbox 1332 627 1529 669; x_wconf 90' lang='lat' dir='ltr'>laudauit</span> <span class='ocrx_word' id='word_1_131' title='bbox 1563 642 1606 668; x_wconf 88' lang='lat' dir='ltr'>se</span> 
     </span>
    </p>

    <p class='ocr_par' dir='ltr' id='par_1_8' title="bbox 1035 699 1894 828">
     <span class='ocr_line' id='line_1_43' title="bbox 1035 699 1894 754; baseline -0.003 -11"><span class='ocrx_word' id='word_1_132' title='bbox 1035 700 1308 743; x_wconf 87' lang='lat' dir='ltr'>Praesidium</span> <span class='ocrx_word' id='word_1_133' title='bbox 1342 699 1551 741; x_wconf 81' lang='lat' dir='ltr'>auxilium</span> <span class='ocrx_word' id='word_1_134' title='bbox 1587 702 1894 754; x_wconf 82' lang='lat' dir='ltr'>praeparatum</span> 
     </span>
     <span class='ocr_line' id='line_1_44' title="bbox 1096 771 1648 828; baseline -0.005 -13"><span class='ocrx_word' id='word_1_135' title='bbox 1096 774 1165 815; x_wconf 91' lang='lat' dir='ltr'>uel</span> <span class='ocrx_word' id='word_1_136' title='bbox 1198 787 1406 828; x_wconf 88' lang='lat' dir='ltr'>praesens</span> <span class='ocrx_word' id='word_1_137' title='bbox 1439 771 1648 813; x_wconf 76' lang='lat' dir='ltr'>auxilium</span> 
     </span>
    </p>

    <p class='ocr_par' dir='ltr' id='par_1_9' title="bbox 1036 844 1949 888">
     <span class='ocr_line' id='line_1_45' title="bbox 1036 844 1949 888; baseline -0.004 0"><span class='ocrx_word' id='word_1_138' title='bbox 1036 846 1239 888; x_wconf 89' lang='lat' dir='ltr'>Praestat</span> <span class='ocrx_word' id='word_1_139' title='bbox 1272 844 1411 886; x_wconf 88' lang='lat' dir='ltr'>maius</span> <span class='ocrx_word' id='word_1_140' title='bbox 1446 847 1512 886; x_wconf 92' lang='lat' dir='ltr'>est</span> <span class='ocrx_word' id='word_1_141' title='bbox 1544 844 1613 886; x_wconf 87' lang='lat' dir='ltr'>uel</span> <span class='ocrx_word' id='word_1_142' title='bbox 1649 844 1845 886; x_wconf 89' lang='lat' dir='ltr'>concedit</span> <span class='ocrx_word' id='word_1_143' title='bbox 1917 854 1949 878; x_wconf 75' lang='lat'>35</span> 
     </span>
    </p>

    <p class='ocr_par' dir='ltr' id='par_1_10' title="bbox 1038 916 1794 971">
     <span class='ocr_line' id='line_1_46' title="bbox 1038 916 1794 971; baseline -0.004 -11"><span class='ocrx_word' id='word_1_144' title='bbox 1038 918 1241 960; x_wconf 88' lang='lat' dir='ltr'>Praestat</span> <span class='ocrx_word' id='word_1_145' title='bbox 1275 917 1477 959; x_wconf 89' lang='lat' dir='ltr'>meliores</span> <span class='ocrx_word' id='word_1_146' title='bbox 1510 916 1580 958; x_wconf 91' lang='lat' dir='ltr'>uel</span> <span class='ocrx_word' id='word_1_147' title='bbox 1613 916 1794 971; x_wconf 86' lang='lat' dir='ltr'>praebet</span> 
     </span>
    </p>

    <p class='ocr_par' dir='ltr' id='par_1_11' title="bbox 1037 988 1897 1046">
     <span class='ocr_line' id='line_1_47' title="bbox 1037 988 1897 1046; baseline -0.005 -13"><span class='ocrx_word' id='word_1_148' title='bbox 1037 990 1309 1046; x_wconf 87' lang='lat' dir='ltr'>Praestigiae</span> <span class='ocrx_word' id='word_1_149' title='bbox 1338 990 1560 1046; x_wconf 79' lang='lat' dir='ltr'>enigmata</span> <span class='ocrx_word' id='word_1_150' title='bbox 1587 988 1897 1030; x_wconf 86' lang='lat' dir='ltr'>similitudines</span> 
     </span>
    </p>

    <p class='ocr_par' dir='ltr' id='par_1_12' title="bbox 1037 1061 1898 1189">
     <span class='ocr_line' id='line_1_48' title="bbox 1037 1061 1898 1118; baseline -0.001 -14"><span class='ocrx_word' id='word_1_151' title='bbox 1037 1062 1304 1118; x_wconf 89' lang='lat' dir='ltr'>Praestigies</span> <span class='ocrx_word' id='word_1_152' title='bbox 1338 1077 1361 1103; x_wconf 84' lang='lat' dir='ltr'>a</span> <span class='ocrx_word' id='word_1_153' title='bbox 1394 1061 1713 1117; x_wconf 88' lang='lat' dir='ltr'>praestigatore</span> <span class='ocrx_word' id='word_1_154' title='bbox 1739 1076 1898 1103; x_wconf 86' lang='lat' dir='ltr'>nomen</span> 
     </span>
     <span class='ocr_line' id='line_1_49' title="bbox 1100 1135 1268 1189; baseline -0.012 -12"><span class='ocrx_word' id='word_1_155' title='bbox 1100 1135 1268 1189; x_wconf 90' lang='lat' dir='ltr'>accepit</span> 
     </span>
    </p>

    <p class='ocr_par' dir='ltr' id='par_1_13' title="bbox 1038 1207 1514 1263">
     <span class='ocr_line' id='line_1_50' title="bbox 1038 1207 1514 1263; baseline -0.002 -14"><span class='ocrx_word' id='word_1_156' title='bbox 1038 1207 1278 1263; x_wconf 87' lang='lat' dir='ltr'>Praestigit</span> <span class='ocrx_word' id='word_1_157' title='bbox 1309 1207 1514 1262; x_wconf 83' lang='lat' dir='ltr'>promisit</span> 
     </span>
    </p>

    <p class='ocr_par' dir='ltr' id='par_1_14' title="bbox 1039 1279 1952 1334">
     <span class='ocr_line' id='line_1_51' title="bbox 1039 1279 1952 1334; baseline -0.001 -12"><span class='ocrx_word' id='word_1_158' title='bbox 1039 1279 1313 1322; x_wconf 74' lang='lat' dir='ltr'>praestolare</span> <span class='ocrx_word' id='word_1_159' title='bbox 1347 1282 1576 1334; x_wconf 86' lang='lat' dir='ltr'>expectare</span> <span class='ocrx_word' id='word_1_160' title='bbox 1610 1280 1824 1322; x_wconf 85' lang='lat' dir='ltr'>sustinere</span> <span class='ocrx_word' id='word_1_161' title='bbox 1918 1289 1952 1312; x_wconf 76' lang='lat'>4⁰</span> 
     </span>
    </p>

    <p class='ocr_par' dir='ltr' id='par_1_15' title="bbox 1037 1351 1879 1407">
     <span class='ocr_line' id='line_1_52' title="bbox 1037 1351 1879 1407; baseline -0.002 -12"><span class='ocrx_word' id='word_1_162' title='bbox 1037 1351 1337 1395; x_wconf 88' lang='lat' dir='ltr'>Praestolator</span> <span class='ocrx_word' id='word_1_163' title='bbox 1370 1354 1605 1407; x_wconf 86' lang='lat' dir='ltr'>expectans</span> <span class='ocrx_word' id='word_1_164' title='bbox 1639 1353 1879 1394; x_wconf 89' lang='lat' dir='ltr'>obseruans</span> 
     </span>
    </p>

    <p class='ocr_par' dir='ltr' id='par_1_16' title="bbox 1038 1424 1899 1480">
     <span class='ocr_line' id='line_1_53' title="bbox 1038 1424 1899 1480; baseline -0.001 -13"><span class='ocrx_word' id='word_1_165' title='bbox 1038 1424 1340 1467; x_wconf 89' lang='lat' dir='ltr'>Praestolator</span> <span class='ocrx_word' id='word_1_166' title='bbox 1377 1427 1552 1480; x_wconf 87' lang='lat' dir='ltr'>praesto</span> <span class='ocrx_word' id='word_1_167' title='bbox 1594 1427 1660 1466; x_wconf 87' lang='lat' dir='ltr'>est</span> <span class='ocrx_word' id='word_1_168' title='bbox 1694 1424 1899 1467; x_wconf 84' lang='lat' dir='ltr'>obseruat</span> 
     </span>
    </p>

    <p class='ocr_par' dir='ltr' id='par_1_17' title="bbox 1037 1497 1701 1552">
     <span class='ocr_line' id='line_1_54' title="bbox 1037 1497 1701 1552; baseline 0 -13"><span class='ocrx_word' id='word_1_169' title='bbox 1037 1497 1286 1552; x_wconf 86' lang='lat' dir='ltr'>Praestepit</span> <span class='ocrx_word' id='word_1_170' title='bbox 1319 1497 1561 1552; x_wconf 88' lang='lat' dir='ltr'>strepidum</span> <span class='ocrx_word' id='word_1_171' title='bbox 1593 1497 1701 1539; x_wconf 84' lang='lat' dir='ltr'>facit</span> 
     </span>
    </p>

    <p class='ocr_par' dir='ltr' id='par_1_18' title="bbox 1040 1569 1987 1612">
     <span class='ocr_line' id='line_1_55' title="bbox 1040 1569 1987 1612; baseline -0.008 0"><span class='ocrx_word' id='word_1_172' title='bbox 1040 1569 1219 1612; x_wconf 89' lang='lat' dir='ltr'>Praesul</span> <span class='ocrx_word' id='word_1_173' title='bbox 1253 1570 1379 1611; x_wconf 85' lang='lat' dir='ltr'>iudex</span> <span class='ocrx_word' id='word_1_174' title='bbox 1927 1573 1987 1605; x_wconf 72' lang='lat'>94¹·</span> 
     </span>
    </p>

    <p class='ocr_par' dir='ltr' id='par_1_19' title="bbox 1038 1642 1952 1697">
     <span class='ocr_line' id='line_1_56' title="bbox 1038 1642 1952 1697; baseline -0.003 -12"><span class='ocrx_word' id='word_1_175' title='bbox 1038 1642 1320 1685; x_wconf 86' lang='lat' dir='ltr'>Praesulator</span> <span class='ocrx_word' id='word_1_176' title='bbox 1352 1642 1624 1697; x_wconf 82' lang='lat' dir='ltr'>praemetiba</span> <span class='ocrx_word' id='word_1_177' title='bbox 1919 1650 1952 1674; x_wconf 73' lang='grc' dir='ltr'>-ῑῡ</span> 
     </span>
    </p>

    <p class='ocr_par' dir='ltr' id='par_1_20' title="bbox 1040 1715 1710 1757">
     <span class='ocr_line' id='line_1_57' title="bbox 1040 1715 1710 1757; baseline -0.003 0"><span class='ocrx_word' id='word_1_178' title='bbox 1040 1715 1427 1757; x_wconf 85' lang='lat' dir='ltr'>Praetereuntibus</span> <span class='ocrx_word' id='word_1_179' title='bbox 1459 1715 1710 1757; x_wconf 81' lang='lat' dir='ltr'>labentibus</span> 
     </span>
    </p>

    <p class='ocr_par' dir='ltr' id='par_1_21' title="bbox 1041 1787 1507 1830">
     <span class='ocr_line' id='line_1_58' title="bbox 1041 1787 1507 1830; baseline -0.004 0"><span class='ocrx_word' id='word_1_180' title='bbox 1041 1788 1278 1830; x_wconf 84' lang='lat' dir='ltr'>Praeualus</span> <span class='ocrx_word' id='word_1_181' title='bbox 1313 1787 1507 1829; x_wconf 85' lang='lat' dir='ltr'>modicus</span> 
     </span>
    </p>

    <p class='ocr_par' dir='ltr' id='par_1_22' title="bbox 1042 1860 1567 1903">
     <span class='ocr_line' id='line_1_59' title="bbox 1042 1860 1567 1903; baseline -0.002 -1"><span class='ocrx_word' id='word_1_182' title='bbox 1042 1860 1322 1903; x_wconf 80' lang='lat' dir='ltr'>Praeuaricat</span> <span class='ocrx_word' id='word_1_183' title='bbox 1355 1860 1567 1902; x_wconf 86' lang='lat' dir='ltr'>diuaricat</span> 
     </span>
    </p>

    <p class='ocr_par' dir='ltr' id='par_1_23' title="bbox 1042 1933 1624 2048">
     <span class='ocr_line' id='line_1_60' title="bbox 1042 1933 1624 1988; baseline -0.003 -12"><span class='ocrx_word' id='word_1_184' title='bbox 1042 1933 1276 1976; x_wconf 85' lang='lat' dir='ltr'>Praeuenit</span> <span class='ocrx_word' id='word_1_185' title='bbox 1332 1936 1624 1988; x_wconf 83' lang='lat' dir='ltr'>praeoccupat</span> 
     </span>
     <span class='ocr_line' id='line_1_61' title="bbox 1102 2005 1356 2048; baseline -0.004 -1"><span class='ocrx_word' id='word_1_186' title='bbox 1102 2009 1202 2048; x_wconf 86' lang='lat' dir='ltr'>ante</span> <span class='ocrx_word' id='word_1_187' title='bbox 1235 2005 1356 2047; x_wconf 89' lang='lat' dir='ltr'>uenit</span> 
     </span>
    </p>

    <p class='ocr_par' dir='ltr' id='par_1_24' title="bbox 1042 2079 1956 2133">
     <span class='ocr_line' id='line_1_62' title="bbox 1042 2079 1956 2133; baseline -0.003 -12"><span class='ocrx_word' id='word_1_188' title='bbox 1042 2079 1255 2121; x_wconf 88' lang='lat' dir='ltr'>Praeuere</span> <span class='ocrx_word' id='word_1_189' title='bbox 1289 2081 1510 2133; x_wconf 84' lang='lat' dir='ltr'>praestare</span> <span class='ocrx_word' id='word_1_190' title='bbox 1921 2086 1956 2110; x_wconf 71' lang='lat'>⁵0</span> 
     </span>
    </p>

    <p class='ocr_par' dir='ltr' id='par_1_25' title="bbox 1041 2150 1825 2206">
     <span class='ocr_line' id='line_1_63' title="bbox 1041 2150 1825 2206; baseline -0.005 -13"><span class='ocrx_word' id='word_1_191' title='bbox 1041 2150 1312 2206; x_wconf 78' lang='lat' dir='ltr'>Praeujgnus</span> <span class='ocrx_word' id='word_1_192' title='bbox 1347 2153 1446 2192; x_wconf 85' lang='lat' dir='ltr'>ante</span> <span class='ocrx_word' id='word_1_193' title='bbox 1479 2153 1608 2192; x_wconf 86' lang='lat' dir='ltr'>natus</span> <span class='ocrx_word' id='word_1_194' title='bbox 1641 2150 1825 2191; x_wconf 85' lang='lat' dir='ltr'>filiaster</span> 
     </span>
    </p>
   </div>
   <div class='ocr_carea' id='block_1_5' title="bbox 1687 1932 1901 1987">
    <p class='ocr_par' dir='ltr' id='par_1_26' title="bbox 1687 1932 1901 1987">
     <span class='ocr_line' id='line_1_64' title="bbox 1687 1932 1901 1987; baseline -0.005 -13"><span class='ocrx_word' id='word_1_195' title='bbox 1687 1932 1901 1987; x_wconf 81' lang='lat' dir='ltr'>anticipat</span> 
     </span>
    </p>
   </div>
   <div class='ocr_carea' id='block_1_6' title="bbox 1041 2223 1958 2701">
    <p class='ocr_par' dir='ltr' id='par_1_27' title="bbox 1046 2223 1545 2265">
     <span class='ocr_line' id='line_1_65' title="bbox 1046 2223 1545 2265; baseline -0.002 0"><span class='ocrx_word' id='word_1_196' title='bbox 1046 2223 1253 2265; x_wconf 73' lang='lat' dir='ltr'>praeuius</span> <span class='ocrx_word' id='word_1_197' title='bbox 1288 2223 1545 2265; x_wconf 85' lang='lat' dir='ltr'>antecedens</span> 
     </span>
    </p>

    <p class='ocr_par' dir='ltr' id='par_1_28' title="bbox 1041 2295 1601 2338">
     <span class='ocr_line' id='line_1_66' title="bbox 1041 2295 1601 2338; baseline -0.004 0"><span class='ocrx_word' id='word_1_198' title='bbox 1041 2296 1197 2338; x_wconf 88' lang='lat' dir='ltr'>Pribat</span> <span class='ocrx_word' id='word_1_199' title='bbox 1229 2295 1406 2337; x_wconf 85' lang='lat' dir='ltr'>fraudat</span> <span class='ocrx_word' id='word_1_200' title='bbox 1439 2295 1601 2337; x_wconf 88' lang='lat' dir='ltr'>alienat</span> 
     </span>
    </p>

    <p class='ocr_par' dir='ltr' id='par_1_29' title="bbox 1042 2368 1902 2496">
     <span class='ocr_line' id='line_1_67' title="bbox 1042 2368 1902 2423; baseline -0.002 -13"><span class='ocrx_word' id='word_1_201' title='bbox 1042 2368 1250 2410; x_wconf 86' lang='lat' dir='ltr'>Pribatus</span> <span class='ocrx_word' id='word_1_202' title='bbox 1291 2368 1456 2410; x_wconf 87' lang='lat' dir='ltr'>alienus</span> <span class='ocrx_word' id='word_1_203' title='bbox 1497 2368 1549 2409; x_wconf 90' lang='lat' dir='ltr'>ab</span> <span class='ocrx_word' id='word_1_204' title='bbox 1585 2368 1804 2423; x_wconf 88' lang='lat' dir='ltr'>aliquibus</span> <span class='ocrx_word' id='word_1_205' title='bbox 1839 2383 1902 2409; x_wconf 91' lang='lat' dir='ltr'>re-</span> 
     </span>
     <span class='ocr_line' id='line_1_68' title="bbox 1103 2440 1547 2496; baseline -0.002 -13"><span class='ocrx_word' id='word_1_206' title='bbox 1103 2442 1183 2483; x_wconf 90' lang='lat' dir='ltr'>bus</span> <span class='ocrx_word' id='word_1_207' title='bbox 1216 2441 1285 2483; x_wconf 91' lang='lat' dir='ltr'>ue]</span> <span class='ocrx_word' id='word_1_208' title='bbox 1319 2440 1547 2496; x_wconf 90' lang='lat' dir='ltr'>probrium</span> 
     </span>
    </p>

    <p class='ocr_par' dir='ltr' id='par_1_30' title="bbox 1042 2512 1958 2568">
     <span class='ocr_line' id='line_1_69' title="bbox 1042 2512 1958 2568; baseline -0.001 -14"><span class='ocrx_word' id='word_1_209' title='bbox 1042 2513 1229 2555; x_wconf 88' lang='lat' dir='ltr'>Primari</span> <span class='ocrx_word' id='word_1_210' title='bbox 1262 2512 1452 2568; x_wconf 89' lang='lat' dir='ltr'>primore</span> <span class='ocrx_word' id='word_1_211' title='bbox 1925 2519 1958 2546; x_wconf 80' lang='lat'>55</span> 
     </span>
    </p>

    <p class='ocr_par' dir='ltr' id='par_1_31' title="bbox 1042 2584 1747 2641">
     <span class='ocr_line' id='line_1_70' title="bbox 1042 2584 1747 2641; baseline -0.001 -14"><span class='ocrx_word' id='word_1_212' title='bbox 1042 2585 1261 2628; x_wconf 90' lang='lat' dir='ltr'>Primates</span> <span class='ocrx_word' id='word_1_213' title='bbox 1294 2584 1512 2641; x_wconf 87' lang='lat' dir='ltr'>principes</span> <span class='ocrx_word' id='word_1_214' title='bbox 1546 2599 1747 2640; x_wconf 88' lang='lat' dir='ltr'>proceres</span> 
     </span>
    </p>

    <p class='ocr_par' dir='ltr' id='par_1_32' title="bbox 1044 2657 1548 2701">
     <span class='ocr_line' id='line_1_71' title="bbox 1044 2657 1548 2701; baseline -0.002 -1"><span class='ocrx_word' id='word_1_215' title='bbox 1044 2658 1339 2701; x_wconf 89' lang='lat' dir='ltr'>Primordium</span> <span class='ocrx_word' id='word_1_216' title='bbox 1371 2657 1548 2700; x_wconf 91' lang='lat' dir='ltr'>initium</span> 
     </span>
    </p>
   </div>
   <div class='ocr_carea' id='block_1_7' title="bbox 143 2798 1905 3224">
    <p class='ocr_par' dir='ltr' id='par_1_33' title="bbox 143 2798 1905 3224">
     <span class='ocr_line' id='line_1_72' title="bbox 239 2798 1903 2862; baseline -0.004 -11"><span class='ocrx_word' id='word_1_217' title='bbox 239 2820 271 2851; x_wconf 85' lang='lat'>2.</span> <span class='ocrx_word' id='word_1_218' title='bbox 299 2815 426 2861; x_wconf 86' lang='lat' dir='ltr'>arguit</span> <span class='ocrx_word' id='word_1_219' title='bbox 451 2817 499 2852; x_wconf 70' lang='lat' dir='ltr'>cle</span> <span class='ocrx_word' id='word_1_220' title='bbox 522 2817 527 2862; x_wconf 88' lang='grc' dir='ltr'>Ι</span> <span class='ocrx_word' id='word_1_221' title='bbox 551 2815 666 2851; x_wconf 87' lang='lat' dir='ltr'>deicit</span> <span class='ocrx_word' id='word_1_222' title='bbox 691 2816 747 2851; x_wconf 72' lang='lat' dir='ltr'>ad</span> <span class='ocrx_word' id='word_1_223' title='bbox 779 2817 790 2861; x_wconf 76' lang='grc' dir='ltr'>ΙΙ</span> <span class='ocrx_word' id='word_1_224' title='bbox 825 2819 878 2850; x_wconf 93' lang='grc'>10.</span> <span class='ocrx_word' id='word_1_225' title='bbox 907 2798 994 2849; x_wconf 69' lang='lat' dir='ltr'>ante</span> <span class='ocrx_word' id='word_1_226' title='bbox 1023 2813 1125 2850; x_wconf 83' lang='lat' dir='ltr'>cedit</span> <span class='ocrx_word' id='word_1_227' title='bbox 1150 2815 1198 2849; x_wconf 80' lang='lat' dir='ltr'>de</span> <span class='ocrx_word' id='word_1_228' title='bbox 1230 2816 1242 2859; x_wconf 79' lang='grc' dir='ltr'>η</span> <span class='ocrx_word' id='word_1_229' title='bbox 1276 2817 1328 2849; x_wconf 82' lang='lat'>14.</span> <span class='ocrx_word' id='word_1_230' title='bbox 1355 2813 1575 2858; x_wconf 82' lang='lat' dir='ltr'>Praegnans</span> <span class='ocrx_word' id='word_1_231' title='bbox 1602 2813 1651 2848; x_wconf 76' lang='lat' dir='ltr'>(Ze</span> <span class='ocrx_word' id='word_1_232' title='bbox 1670 2812 1681 2856; x_wconf 79' lang='lat' dir='ltr'>l}</span> <span class='ocrx_word' id='word_1_233' title='bbox 1711 2815 1766 2847; x_wconf 85' lang='lat'>16.</span> <span class='ocrx_word' id='word_1_234' title='bbox 1793 2810 1903 2846; x_wconf 90' lang='lat' dir='ltr'>Prae-</span> 
     </span>
     <span class='ocr_line' id='line_1_73' title="bbox 144 2870 1904 2922; baseline -0.003 -11"><span class='ocrx_word' id='word_1_235' title='bbox 144 2877 285 2912; x_wconf 87' lang='lat' dir='ltr'>mulcet</span> <span class='ocrx_word' id='word_1_236' title='bbox 304 2877 413 2913; x_wconf 69' lang='lat' dir='ltr'>ahda</span> <span class='ocrx_word' id='word_1_237' title='bbox 433 2877 444 2921; x_wconf 86' lang='grc' dir='ltr'>ΙΙ</span> <span class='ocrx_word' id='word_1_238' title='bbox 464 2879 521 2911; x_wconf 78' lang='lat'>25.</span> <span class='ocrx_word' id='word_1_239' title='bbox 542 2875 815 2922; x_wconf 84' lang='lat' dir='ltr'>Praerogatiua</span> <span class='ocrx_word' id='word_1_240' title='bbox 835 2877 911 2912; x_wconf 81' lang='lat' dir='ltr'>abe</span> <span class='ocrx_word' id='word_1_241' title='bbox 931 2877 942 2921; x_wconf 89' lang='grc' dir='ltr'>ΙΙ</span> <span class='ocrx_word' id='word_1_242' title='bbox 962 2879 1018 2911; x_wconf 76' lang='grc'>26.</span> <span class='ocrx_word' id='word_1_243' title='bbox 1034 2879 1090 2911; x_wconf 77' lang='lat'>27.</span> <span class='ocrx_word' id='word_1_244' title='bbox 1106 2873 1419 2919; x_wconf 85' lang='lat' dir='ltr'>Praerogatiuum</span> <span class='ocrx_word' id='word_1_245' title='bbox 1439 2874 1547 2909; x_wconf 80' lang='lat' dir='ltr'>abde</span> <span class='ocrx_word' id='word_1_246' title='bbox 1566 2875 1577 2918; x_wconf 80' lang='grc' dir='ltr'>ΙΙ</span> <span class='ocrx_word' id='word_1_247' title='bbox 1597 2876 1653 2908; x_wconf 87' lang='lat'>30.</span> <span class='ocrx_word' id='word_1_248' title='bbox 1668 2870 1904 2916; x_wconf 83' lang='lat' dir='ltr'>inuestigans</span> 
     </span>
     <span class='ocr_line' id='line_1_74' title="bbox 143 2931 1903 2983; baseline -0.005 -10"><span class='ocrx_word' id='word_1_249' title='bbox 143 2939 227 2973; x_wconf 76' lang='lat' dir='ltr'>abd</span> <span class='ocrx_word' id='word_1_250' title='bbox 246 2939 258 2983; x_wconf 79' lang='grc' dir='ltr'>ΙΙ</span> <span class='ocrx_word' id='word_1_251' title='bbox 278 2942 334 2973; x_wconf 78' lang='lat'>32.</span> <span class='ocrx_word' id='word_1_252' title='bbox 356 2948 470 2982; x_wconf 86' lang='lat' dir='ltr'>quam</span> <span class='ocrx_word' id='word_1_253' title='bbox 490 2937 600 2972; x_wconf 79' lang='lat' dir='ltr'>abde</span> <span class='ocrx_word' id='word_1_254' title='bbox 619 2938 631 2982; x_wconf 89' lang='grc' dir='ltr'>ΙΙ</span> <span class='ocrx_word' id='word_1_255' title='bbox 651 2941 706 2972; x_wconf 86' lang='lat'>33.</span> <span class='ocrx_word' id='word_1_256' title='bbox 723 2937 873 2982; x_wconf 78' lang='lat' dir='ltr'>oportet</span> <span class='ocrx_word' id='word_1_257' title='bbox 892 2937 944 2970; x_wconf 81' lang='lat' dir='ltr'>ab</span> <span class='ocrx_word' id='word_1_258' title='bbox 965 2937 976 2981; x_wconf 86' lang='grc' dir='ltr'>ΙΙ</span> <span class='ocrx_word' id='word_1_259' title='bbox 997 2939 1052 2970; x_wconf 88' lang='lat'>36.</span> <span class='ocrx_word' id='word_1_260' title='bbox 1067 2934 1200 2970; x_wconf 89' lang='lat' dir='ltr'>melior</span> <span class='ocrx_word' id='word_1_261' title='bbox 1220 2936 1278 2969; x_wconf 88' lang='lat' dir='ltr'>est</span> <span class='ocrx_word' id='word_1_262' title='bbox 1298 2936 1353 2970; x_wconf 74' lang='lat' dir='ltr'>ab</span> <span class='ocrx_word' id='word_1_263' title='bbox 1373 2935 1384 2979; x_wconf 81' lang='grc' dir='ltr'>ΙΙ</span> <span class='ocrx_word' id='word_1_264' title='bbox 1405 2938 1459 2969; x_wconf 78' lang='grc'>37.</span> <span class='ocrx_word' id='word_1_265' title='bbox 1477 2931 1730 2977; x_wconf 80' lang='lat' dir='ltr'>Praestigium</span> <span class='ocrx_word' id='word_1_266' title='bbox 1749 2936 1783 2967; x_wconf 74' lang='lat' dir='ltr'>et</span> <span class='ocrx_word' id='word_1_267' title='bbox 1802 2931 1903 2966; x_wconf 86' lang='lat' dir='ltr'>simi-</span> 
     </span>
     <span class='ocr_line' id='line_1_75' title="bbox 143 2992 1904 3045; baseline -0.003 -13"><span class='ocrx_word' id='word_1_268' title='bbox 143 2997 265 3033; x_wconf 88' lang='lat' dir='ltr'>litudo</span> <span class='ocrx_word' id='word_1_269' title='bbox 291 2999 339 3034; x_wconf 82' lang='lat' dir='ltr'>de</span> <span class='ocrx_word' id='word_1_270' title='bbox 358 3000 370 3045; x_wconf 81' lang='grc' dir='ltr'>ΙΙ</span> <span class='ocrx_word' id='word_1_271' title='bbox 390 3002 446 3033; x_wconf 88' lang='lat'>38.</span> <span class='ocrx_word' id='word_1_272' title='bbox 474 2998 520 3032; x_wconf 81' lang='lat' dir='ltr'>ab</span> <span class='ocrx_word' id='word_1_273' title='bbox 546 2998 613 3032; x_wconf 79' lang='lat' dir='ltr'>hac</span> <span class='ocrx_word' id='word_1_274' title='bbox 638 2998 686 3043; x_wconf 74' lang='lat' dir='ltr'>yl.</span> <span class='ocrx_word' id='word_1_275' title='bbox 717 2998 767 3032; x_wconf 76' lang='lat' dir='ltr'>ad</span> <span class='ocrx_word' id='word_1_276' title='bbox 787 3009 826 3042; x_wconf 73' lang='lat' dir='ltr'>p.</span> <span class='ocrx_word' id='word_1_277' title='bbox 855 2998 938 3040; x_wconf 70' lang='lat'>394,</span> <span class='ocrx_word' id='word_1_278' title='bbox 964 2998 1012 3030; x_wconf 78' lang='lat'>38</span> <span class='ocrx_word' id='word_1_279' title='bbox 1037 2995 1158 3040; x_wconf 67' lang='lat' dir='ltr'>deficit</span> <span class='ocrx_word' id='word_1_280' title='bbox 1184 2996 1208 3030; x_wconf 79' lang='lat' dir='ltr'><em>d</em></span> <span class='ocrx_word' id='word_1_281' title='bbox 1231 2998 1234 3039; x_wconf 91' lang='grc' dir='ltr'>Ι</span> <span class='ocrx_word' id='word_1_282' title='bbox 1257 2993 1524 3039; x_wconf 79' lang='lat' dir='ltr'>prestigiatore</span> <span class='ocrx_word' id='word_1_283' title='bbox 1551 3004 1599 3028; x_wconf 80' lang='lat' dir='ltr'>ae</span> <span class='ocrx_word' id='word_1_284' title='bbox 1618 2995 1628 3038; x_wconf 81' lang='grc' dir='ltr'>ΙΙ</span> <span class='ocrx_word' id='word_1_285' title='bbox 1649 2997 1704 3027; x_wconf 79' lang='lat'>42.</span> <span class='ocrx_word' id='word_1_286' title='bbox 1731 2992 1904 3027; x_wconf 88' lang='lat' dir='ltr'>Praesto-</span> 
     </span>
     <span class='ocr_line' id='line_1_76' title="bbox 143 3050 1903 3105; baseline -0.004 -11"><span class='ocrx_word' id='word_1_287' title='bbox 143 3059 244 3093; x_wconf 86' lang='lat' dir='ltr'>latur</span> <span class='ocrx_word' id='word_1_288' title='bbox 269 3059 321 3094; x_wconf 84' lang='lat' dir='ltr'>ab</span> <span class='ocrx_word' id='word_1_289' title='bbox 346 3058 358 3105; x_wconf 56' lang='lat' dir='ltr'>{l</span> <span class='ocrx_word' id='word_1_290' title='bbox 384 3062 441 3093; x_wconf 76' lang='lat'>43.</span> <span class='ocrx_word' id='word_1_291' title='bbox 468 3056 700 3102; x_wconf 84' lang='lat' dir='ltr'>Praestrepit</span> <span class='ocrx_word' id='word_1_292' title='bbox 725 3057 802 3092; x_wconf 82' lang='lat' dir='ltr'>abe</span> <span class='ocrx_word' id='word_1_293' title='bbox 837 3057 841 3102; x_wconf 71' lang='grc' dir='ltr'>Ι</span> <span class='ocrx_word' id='word_1_294' title='bbox 877 3054 1077 3100; x_wconf 88' lang='lat' dir='ltr'>strepitum</span> <span class='ocrx_word' id='word_1_295' title='bbox 1103 3055 1180 3091; x_wconf 81' lang='lat' dir='ltr'>abe</span> <span class='ocrx_word' id='word_1_296' title='bbox 1208 3059 1212 3099; x_wconf 88' lang='grc' dir='ltr'>Ι</span> <span class='ocrx_word' id='word_1_297' title='bbox 1241 3054 1333 3089; x_wconf 88' lang='lat' dir='ltr'>fecit</span> <span class='ocrx_word' id='word_1_298' title='bbox 1357 3055 1433 3089; x_wconf 82' lang='lat' dir='ltr'>abe</span> <span class='ocrx_word' id='word_1_299' title='bbox 1464 3054 1476 3098; x_wconf 81' lang='grc' dir='ltr'>ΙΙ</span> <span class='ocrx_word' id='word_1_300' title='bbox 1508 3056 1564 3088; x_wconf 87' lang='lat'>45.</span> <span class='ocrx_word' id='word_1_301' title='bbox 1591 3050 1851 3087; x_wconf 84' lang='lat' dir='ltr'>Praesultator</span> <span class='ocrx_word' id='word_1_302' title='bbox 1877 3064 1903 3087; x_wconf 87' lang='lat' dir='ltr'>e.</span> 
     </span>
     <span class='ocr_line' id='line_1_77' title="bbox 144 3110 1905 3162; baseline -0.003 -9"><span class='ocrx_word' id='word_1_303' title='bbox 144 3117 405 3158; x_wconf 84' lang='lat' dir='ltr'>Praesultatur</span> <span class='ocrx_word' id='word_1_304' title='bbox 425 3119 476 3153; x_wconf 80' lang='lat' dir='ltr'>ab</span> <span class='ocrx_word' id='word_1_305' title='bbox 498 3120 504 3162; x_wconf 73' lang='grc' dir='ltr'>Ι</span> <span class='ocrx_word' id='word_1_306' title='bbox 526 3116 756 3162; x_wconf 83' lang='lat' dir='ltr'>praemitiua</span> <span class='ocrx_word' id='word_1_307' title='bbox 775 3129 801 3153; x_wconf 85' lang='lat' dir='ltr'>e.</span> <span class='ocrx_word' id='word_1_308' title='bbox 828 3114 1066 3162; x_wconf 85' lang='lat' dir='ltr'>praemetiua</span> <span class='ocrx_word' id='word_1_309' title='bbox 1085 3116 1136 3150; x_wconf 74' lang='lat' dir='ltr'>ab</span> <span class='ocrx_word' id='word_1_310' title='bbox 1156 3116 1157 3147; x_wconf 66' lang='grc' dir='ltr'>ἰ</span> <span class='ocrx_word' id='word_1_311' title='bbox 1187 3118 1244 3150; x_wconf 86' lang='lat'>50.</span> <span class='ocrx_word' id='word_1_312' title='bbox 1265 3113 1448 3148; x_wconf 88' lang='lat' dir='ltr'>Praebere</span> <span class='ocrx_word' id='word_1_313' title='bbox 1469 3114 1519 3148; x_wconf 79' lang='lat' dir='ltr'>ab</span> <span class='ocrx_word' id='word_1_314' title='bbox 1539 3114 1551 3158; x_wconf 83' lang='grc' dir='ltr'>ΙΙ</span> <span class='ocrx_word' id='word_1_315' title='bbox 1572 3116 1626 3147; x_wconf 76' lang='lat'>53.</span> <span class='ocrx_word' id='word_1_316' title='bbox 1646 3110 1780 3146; x_wconf 87' lang='lat' dir='ltr'>Priuat</span> <span class='ocrx_word' id='word_1_317' title='bbox 1798 3113 1875 3148; x_wconf 81' lang='lat' dir='ltr'>abe</span> <span class='ocrx_word' id='word_1_318' title='bbox 1895 3112 1905 3126; x_wconf 67' lang='lat'>¹³</span> 
     </span>
     <span class='ocr_line' id='line_1_78' title="bbox 145 3173 1599 3224; baseline -0.003 -11"><span class='ocrx_word' id='word_1_319' title='bbox 145 3183 201 3216; x_wconf 82' lang='lat'>54.</span> <span class='ocrx_word' id='word_1_320' title='bbox 231 3178 404 3214; x_wconf 84' lang='lat' dir='ltr'>Priuatus</span> <span class='ocrx_word' id='word_1_321' title='bbox 432 3180 509 3214; x_wconf 82' lang='lat' dir='ltr'>abe</span> <span class='ocrx_word' id='word_1_322' title='bbox 532 3181 535 3223; x_wconf 92' lang='grc' dir='ltr'>Ι</span> <span class='ocrx_word' id='word_1_323' title='bbox 558 3177 719 3224; x_wconf 87' lang='lat' dir='ltr'>propriis</span> <span class='ocrx_word' id='word_1_324' title='bbox 747 3179 822 3214; x_wconf 79' lang='lat' dir='ltr'>abe</span> <span class='ocrx_word' id='word_1_325' title='bbox 842 3179 854 3223; x_wconf 78' lang='grc' dir='ltr'>ΙΙ</span> <span class='ocrx_word' id='word_1_326' title='bbox 874 3180 931 3212; x_wconf 80' lang='lat'>55.</span> <span class='ocrx_word' id='word_1_327' title='bbox 958 3174 1132 3211; x_wconf 82' lang='lat' dir='ltr'>Primarii</span> <span class='ocrx_word' id='word_1_328' title='bbox 1158 3176 1234 3211; x_wconf 79' lang='lat' dir='ltr'>abe</span> <span class='ocrx_word' id='word_1_329' title='bbox 1257 3178 1261 3219; x_wconf 82' lang='grc' dir='ltr'>Ι</span> <span class='ocrx_word' id='word_1_330' title='bbox 1284 3173 1466 3220; x_wconf 86' lang='lat' dir='ltr'>primores</span> <span class='ocrx_word' id='word_1_331' title='bbox 1492 3174 1569 3208; x_wconf 78' lang='lat' dir='ltr'>abe</span> <span class='ocrx_word' id='word_1_332' title='bbox 1589 3175 1599 3218; x_wconf 74' lang='grc' dir='ltr'>Η</span> 
     </span>
    </p>
   </div>
  </div>
 </body>
</html>
