2232 3548
872 197 1145 233 PRAEFATIO
1817 199 1883 233 XV

132 309 347 351 exscribo:
383 309 593 350 Tnecz‘tum
625 307 775 349 bubula
806 308 930 350 &tiela
962 309 1076 362 apud
1100 308 1263 360 alpinos
1284 306 1428 360 ῃαῑίοε,
1465 306 1756 349 annttuare'o
1783 307 1829 360 (a
1855 321 1885 349 s.

130 395 165 422 v.
197 394 273 423 scr.
305 394 358 422 m,
383 379 434 433 2)
471 379 622 433 subito,
663 378 935 420 Tnbmcinati
965 379 1202 433 propitiati,
1244 378 1372 419 Tnere
1414 378 1539 429 nisio,
1581 378 1886 420 Tectam-cenatus

129 451 194 493 hio
219 452 344 505 propi
364 484 402 492 ..
434 454 558 492 natus
590 450 692 492 alibi
725 450 922 503 turbatus,
959 449 1193 491 Turtnribla
1224 449 1284 490 ita
1316 450 1467 491 dictum
1495 449 1603 491 locus
1628 450 1674 490 in
1699 464 1775 503 quo
1801 464 1885 491 eor-

128 523 282 576 rnptele
312 523 473 576 fiebant,
510 522 647 563 Tabas
677 522 845 571 sonitus,
884 521 1102 563 Tumultus
1135 522 1348 563 concitatio
1366 521 1526 574 populi,
1564 520 1721 562 anma
1748 521 1886 562 medli-

130 595 239 650 tndo,
274 594 419 636 Tutela
444 594 641 647 custodia,
673 592 852 634 Turbine
878 595 1117 646 tempestate,
1148 593 1365 634 Turbilnm
1390 592 1460 634 ube)
1485 593 1739 634 incendttm-.·
1774 607 1882 646 quae

131 665 408 707 conferantur
448 680 546 707 cum
583 680 622 719 p.
656 664 735 705 187
754 678 816 718 sq.
879 662 980 705 Non
1018 679 1199 718 prorsus
1239 664 1414 705 eaedem
1453 664 1624 720 glossae
1659 666 1778 718 sunt,
1814 663 1887 704 sed

130 737 313 788 similes,
360 737 535 779 omissis
574 736 670 778 aliis
709 734 920 789 novisque
953 734 1238 789 interpositis.
1302 734 1420 776 Idem
1461 735 1506 776 in
1543 735 1624 777 hac
1665 735 1773 776 serie
1814 735 1887 776 ob-

67 840 73 845 .
129 808 292 850 servari
325 811 490 863 potest:
633 808 777 850 Viscus
814 821 908 848 earo
947 808 1034 849 sine
1065 807 1330 861 pinym'dtne,
1371 806 1529 847 Vc'nc'ces
1561 807 1679 860 plesse
1717 808 1758 848 in
1799 821 1882 848 cor-

122 893 224 933 pore
260 881 350 921 sine
385 881 603 934 sanquine,
644 879 791 921 Virosa
835 879 984 920 mulier
1022 879 1210 920 uirorum
1249 880 1458 932 appetens,
1500 878 1646 931 Virops
1684 893 1763 936 qne
1801 879 1888 920 iam

130 951 220 992 niro
263 965 386 1005 opus,
431 951 597 1004 Vitiliyo
644 949 809 991 macula
853 949 949 990 alba
993 951 1039 990 in
1084 963 1265 1002 corpore,
1312 963 1419 1004 quae
1466 949 1746 991 conferantur
1790 964 1887 991 cum

129 1037 169 1076 p.
199 1022 293 1063 193.
357 1021 545 1064 Videtur
582 1021 719 1077 igitur
757 1021 1021 1076 glossarium
1061 1020 1095 1062 L
1136 1021 1285 1062 littera
1322 1022 1525 1061 notatum
1565 1024 1680 1062 certe
1719 1024 1888 1075 partem

131 1093 306 1134 illarum
351 1093 599 1149 glossarum
638 1092 925 1148 continuisse,
970 1092 1127 1147 quibus
1169 1095 1316 1133 tamen
1355 1091 1525 1133 aliunde
1566 1092 1680 1133 haud
1725 1107 1885 1147 paucae

130 1164 356 1207 adiunctae
383 1165 571 1207 fuerunt.
617 1164 703 1206 Res
730 1179 820 1206 non
844 1164 950 1206 satis
972 1167 1090 1206 certa
1110 1167 1292 1219 propter
1312 1163 1596 1218 reliquiarum
1616 1164 1888 1205 tenuitatem.

249 1235 331 1278 His
359 1237 409 1278 de
435 1237 561 1279 libris
589 1236 800 1292 expositis
827 1239 876 1277 ut
901 1236 1263 1292 comprehendam
1285 1235 1501 1290 quomodo
1524 1235 1657 1276 editio
1678 1235 1795 1277 facta
1817 1235 1887 1289 sit,

128 1306 236 1349 haec
281 1323 457 1351 moneo:
514 1309 565 1350 in
616 1311 864 1350 contextu
915 1308 1123 1364 integra
1175 1307 1442 1362 scriptura
1495 1306 1691 1349 codicis
1738 1306 1887 1348 Vati-

131 1379 245 1421 cani
291 1380 423 1422 3321
479 1395 727 1435 expressa
777 1383 876 1434 est3
939 1380 991 1421 in
1049 1382 1305 1435 apparatu
1356 1379 1573 1433 adposui
1624 1379 1885 1434 integram

131 1450 429 1506 scripturae
463 1451 829 1493 diversitatem
863 1452 1061 1493 codicis
1095 1450 1431 1493 Cassinensis
1464 1448 1530 1507 (α)
1562 1453 1774 1505 praeter
1801 1464 1887 1491 eos

130 1523 293 1578 locos,
331 1523 419 1565 ubi
457 1524 626 1578 ipsum
667 1521 1035 1565 Cassinensem
1073 1524 1125 1565 in
1163 1524 1414 1565 contextu
1455 1521 1688 1576 exhibui3
1730 1536 1884 1577 porro

131 1594 299 1636 adieci
320 1595 708 1650 discrepantias
730 1591 1396 1650 codicisPa1·isin12:-341(c)
1416 1593 1889 1648 praeterminutias

132 1665 593 1721 orthographicas,
625 1666 750 1707 item
781 1664 1016 1707 Parisini
1052 1666 1182 1707 7691
1218 1664 1295 1722 (cl)
1327 1664 1562 1720 potiores
1591 1665 1890 1719 discrepan-

131 1736 235 1778 tias
257 1737 391 1779 —de
423 1737 518 1779 hoc
550 1738 722 1793 igitur
754 1752 811 1778 ex
845 1737 1061 1778 silentio
1095 1737 1452 1779 coniecturam
1485 1736 1656 1778 facere
1683 1737 1792 1777 noli
1815 1753 1889 1791 ——3

131 1808 351 1863 denique
409 1809 614 1864 aliquot
670 1809 929 1850 lectiones
990 1809 1356 1850 memorabiles
1409 1823 1465 1849 ex
1516 1808 1692 1850 codice
1744 1807 1890 1848 Vati-

132 1894 258 1922 cano
293 1881 426 1923 6018
460 1878 534 1937 (b)
567 1883 852 1936 excerptas.

987 2001 1040 2042 II.

252 2097 277 2147 ξ
303 2096 366 2137 12.
398 2095 731 2138 Transeo‘nunc
759 2096 809 2136 ad
838 2096 1007 2151 glossas
1036 2096 1197 2138 codicis
1222 2095 1585 2152 Sangallensis
1606 2096 1703 2137 912.
1745 2094 1890 2137 Codex

133 2169 201 2208 est
232 2167 606 2221 membranaceus,
642 2168 726 2209 160
758 2167 984 2223 foliorum,
1017 2168 1176 2209 litteris
1211 2167 1644 2209 semiuncialibus
1679 2167 1888 2209 saeculo

134 2241 318 2281 octavo
341 2238 529 2294 scriptus
550 2239 617 2280 vel
638 2239 785 2293 potius
807 2239 1053 2294 rescriptus.
1089 2239 1153 2281 De
1175 2240 1315 2294 prima
1338 2239 1556 2294 scriptura
1577 2238 1628 2280 cf.
1650 2238 1890 2293 catalogus.

135 2309 408 2352 Glossarium
436 2325 545 2352 unus
573 2310 749 2365 scripsit
775 2310 979 2352 librarius
1006 2314 1179 2365 praeter
1204 2311 1278 2353 fol.
1300 2311 1356 2352 95
1385 2314 1428 2352 et
1459 2311 1555 2364 113,
1590 2326 1698 2366 quae
1725 2326 1777 2352 ex
1803 2310 1888 2351 alio

136 2382 412 2423 membranae
451 2395 607 2437 genere
646 2382 787 2436 petita
826 2385 870 2423 et
909 2383 1081 2424 saeculo
1121 2382 1183 2424 IX
1225 2384 1270 2424 in
1310 2383 1455 2425 locum
1492 2383 1700 2425 foliorum
1739 2383 1887 2437 depra-

135 2455 338 2495 vatorum
371 2453 613 2494 substituta
647 2456 769 2508 sunt3
803 2453 973 2509 glossae
1007 2454 1126 2509 ipsae
1161 2455 1264 2509 quin
1297 2455 1470 2496 eaedem
1504 2455 1591 2496 sint
1621 2469 1750 2509 quam
1779 2468 1887 2508 quae

135 2525 450 2567 interciderunt
488 2539 576 2566 non
614 2527 681 2566 est
719 2539 795 2566 cur
830 2526 1089 2568 dubitemus.
1156 2525 1383 2581 Scriptura
1416 2529 1563 2568 carent
1595 2526 1667 2568 fol.
1698 2528 1766 2581 Sl),
1798 2526 1889 2579 95¹¹,

138 2596 245 2638 115¹²
275 2599 456 2652 propter
488 2596 786 2637 membranam
819 2596 949 2638 nimis
981 2597 1197 2639 detritam.
1249 2597 1301 2639 In
1326 2597 1399 2638 fol.
1424 2598 1523 2639 101r
1550 2597 1744 2639 cursivae
1772 2598 1887 2638 litte-

136 2683 208 2709 rae
236 2671 351 2723 sunt,
383 2668 458 2710 sed
491 2667 683 2709 eiusdem
713 2667 892 2709 librarii.
946 2668 1146 2711 Correxit
1174 2669 1365 2711 codicem
1391 2671 1564 2724 praeter
1590 2669 1734 2724 ipsum
1761 2669 1887 2710 libra—

136 2740 249 2781 rium
276 2755 429 2781 manus
457 2754 687 2794 aequaeva,
719 2739 760 2779 h.
783 2754 816 2779 e.
845 2740 1006 2781 saeculi
1033 2739 1154 2781 VIII.
1177 2765 1232 2769 ——
1253 2740 1305 2781 In
1330 2739 1403 2781 fol.
1428 2741 1579 2782 1“-2Γ
1611 2756 1763 2782 manus
1798 2756 1886 2783 con

138 2811 320 2853 rectoris
346 2811 588 2853 rhetoricos
617 2811 827 2865 quosdam
851 2811 1062 2852 terminos
1084 2811 1338 2866 explicavit3
1365 2811 1410 2852 in
1429 2810 1503 2852 fol.
1528 2812 1568 2852 1r
1591 2826 1679 2852 non
1700 2812 1886 2853 multum

136 2883 225 2938 legi
250 2883 408 2938 potuit.
433 2908 488 2912 —
511 2881 714 2924 Codicem
742 2885 1055 2924 commemorat
1080 2882 1410 2938 Augustinus
1439 2882 1639 2924 Calmet
1666 2883 1710 2923 in
1736 2881 1886 2923 Diario

137 2954 366 2996 Helvetico
400 2952 672 3011 (Einsiedeln
704 2969 740 2996 a.
770 2952 904 3009 1756)
935 2969 974 3008 p.
996 2955 1070 3008 66,
1108 2954 1183 2995 ubi
1223 2954 1333 2996 miro
1367 2954 1494 2996 modo
1527 2954 1633 2995 haec
1665 2954 1887 3009 leguntur:

136 3026 444 3068 vocabularium
475 3027 521 3066 in
552 3039 630 3078 quo
660 3039 770 3067 voces
797 3039 967 3079 {naec-ae
997 3025 1128 3067 verbis
1160 3026 1319 3081 latinis,
1351 3027 1592 3080 quandoque
1627 3025 1889 3068 Germanicis

136 3111 204 3140 seu
242 3097 471 3139 Teutonicis
507 3097 804 3150 exlndmnntnr.
868 3095 1129 3137 Accuratius
1168 3097 1218 3138 de
1257 3112 1307 3138 eo
1346 3097 1437 3153 egit
1471 3096 1705 3138 Loewius
1740 3097 1887 3139 Prodr.

137 3184 178 3223 p.
215 3169 296 3210 139
319 3183 432 3224 sqq„
471 3168 684 3223 excerptis
723 3182 827 3209 usus
869 3167 1147 3209 Hermanni
1187 3169 1416 3211 Vseneri.
1481 3168 1588 3210 Post
1627 3168 1885 3210 Loewium
