2170 3522
49 795 130 826 100r

111 1231 144 1256 10

112 1663 144 1689 15

114 2024 147 2049 20

56 2093 142 2123 100u

583 172 794 208 GLOSSAE
823 171 1006 208 CODICIS
1033 171 1391 207 SANGALLENSIS
1418 174 1485 206 912

161 283 429 326 Paraclitum
461 283 781 326 consolatorem

162 356 263 398 Pari
296 355 482 397 similem
752 389 756 392 .

162 427 424 483 Paradigma
457 427 705 469 similidudo
738 427 886 469 fabula

162 498 366 540 Parentia
400 498 675 540 oboedientia
708 499 938 554 aperiendo

162 571 372 613 Parentat
403 570 569 612 umbris
597 570 666 612 uel
699 570 879 612 tumulis
906 586 1017 612 mor-

224 645 400 685 tuorum
439 642 688 697 frequenter
719 645 844 697 paret
874 642 918 684 id
951 645 1017 684 est

223 715 462 770 obsequtur
495 717 571 756 aut
603 714 834 756 minestrat

165 786 400 843 Militum1)
451 787 562 828 unde
607 786 670 828 hii
716 787 789 841 qui
834 786 879 828 in
922 802 1018 842 pro-

222 859 363 901 uintia
395 858 677 915 proficiscunt
709 858 913 913 paludani
945 872 1018 900 uo-

224 934 378 974 cantur

163 1003 367 1059 Palpidat
398 1005 589 1058 temptat

162 1075 373 1117 Palantur
403 1078 615 1118 uacantur

164 1147 538 1203 Paralypuminon
569 1146 701 1189 relico
736 1146 851 1201 quod
883 1148 1020 1187 restat

164 1219 437 1262 Parsimonia
475 1218 707 1275 frugalitas
753 1217 1020 1260 abstinentia

223 1291 415 1347 parcitas

163 1363 382 1406 Parabula
413 1363 654 1405 similitudo

164 1436 404 1478 Parasceue
435 1435 684 1491 preparatio
719 1449 844 1491 grece

164 1508 299 1550 Parta
329 1508 508 1550 inuenta

163 1579 325 1623 Parata
357 1580 527 1636 quesita

164 1652 379 1694 Parsurus
412 1651 657 1707 parciturus

164 1724 298 1766 Parui
329 1725 486 1780 pendet
517 1723 628 1766 nihil
659 1723 824 1766 iudicat

164 1796 488 1852 Parinucupula
508 1796 814 1838 medicamenti
827 1795 1022 1837 uinditur

166 1868 416 1911 Parentalia
449 1868 538 1910 dies
571 1867 674 1910 festi
705 1882 920 1923 panorum

166 1941 365 1984 Particus
397 1940 645 1984 necutiatur
676 1940 770 1995 ipse

166 2013 336 2055 Paridis
362 2013 569 2055 iudicium
598 2012 713 2067 quod
738 2012 784 2054 in
810 2015 898 2054 tres
921 2012 1022 2054 deos

227 2085 430 2127 iononem
455 2099 658 2126 uenerem
686 2084 882 2126 minerua
903 2084 1022 2139 paris

227 2160 379 2212 pastor
412 2156 582 2199 damalo
617 2171 746 2198 aureo
778 2156 999 2198 iudicauat

168 2229 322 2271 Parius
354 2228 511 2284 lapidis
545 2228 743 2271 cauditus

1821 168 1903 210 267

1055 281 1277 324 Parricida
1309 282 1383 336 qui
1415 283 1674 336 parentesuo
1709 279 1866 321 occidit

1054 353 1248 409 Paracya
1281 354 1479 396 adiacens
1512 353 1581 394 uel
1612 351 1829 394 inculatus

1055 425 1251 467 Pharisei
1284 425 1412 467 diuisi
1446 424 1634 480 separati
1929 436 1961 460 ‘25

1054 497 1305 539 Paradoxus
1339 497 1412 551 qui
1446 511 1490 538 se
1524 496 1575 538 ad
1610 495 1750 551 gloria
1781 497 1908 550 parat

1054 569 1186 611 Parce
1221 583 1386 624 exugue
1420 569 1692 610 continenter

1054 641 1269 682 Parochia
1301 640 1499 682 adiacens
1532 640 1576 681 id
1610 641 1676 680 est
1709 638 1907 679 didomus

1055 712 1358 754 Pantomimus
1386 726 1579 753 summus
1606 710 1808 754 iocularis
1836 710 1910 765 qui

1117 783 1218 825 offis]
1248 784 1375 826 ludus
1406 783 1531 825 nouit

1055 856 1223 898 Pancra
1255 856 1406 910 rapina
1930 864 1963 889 30

1055 928 1200 970 Pansa
1231 930 1382 982 aperta

1057 1000 1246 1042 Pantera
1277 999 1380 1041 ritia

1056 1072 1311 1114 Panicinum
1345 1085 1481 1127 genus
1512 1070 1649 1112 uestis

1057 1145 1279 1187 Pantheus
1314 1143 1438 1199 quasi
1466 1142 1790 1205 omnium'deus
1818 1142 1912 1183 deo-

1117 1232 1213 1258 rum

1057 1289 1289 1332 Pandictes
1311 1288 1458 1331 omnia
1476 1287 1619 1330 ferens
1647 1289 1690 1328 et
1714 1288 1912 1327 ueterum
1944 1294 2024 1325 101r

1117 1364 1161 1403 et
1193 1375 1408 1403 nouorum
1441 1361 1807 1401 testamentorum

1058 1433 1262 1490 Pangunt
1312 1433 1548 1488 disponunt
1597 1431 1789 1475 carmina
1843 1428 1912 1471 uel
1934 1442 1967 1467 36

1119 1505 1390 1561 coniungunt

1058 1578 1152 1620 Pan
1182 1577 1359 1633 ingibus

1058 1650 1294 1692 Paniceum
1326 1665 1498 1692 roseum

1059 1722 1305 1779 Panigerici
1339 1722 1585 1764 adolatores

1060 1795 1253 1837 Panseus
1281 1795 1325 1850 qi
1351 1794 1533 1850 pedibus
1561 1793 1606 1834 in
1633 1792 1803 1835 diuerso
1825 1793 1914 1832 ten-
1934 1804 1968 1827 40

1120 1867 1292 1909 detibus
1328 1867 1416 1908 alat

1060 1939 1357 1981 Pastoforium
1391 1938 1552 1980 atrium
1591 1936 1744 1991 templi
1777 1937 1820 1977 et
1852 1949 1915 1976 sa-

1122 2011 1311 2053 crarium

1061 2084 1340 2126 Pastinantes
1372 2083 1622 2137 plantantes

1061 2155 1236 2198 Patrius
1269 2157 1476 2210 paternus

1060 2227 1317 2270 Patibulum
1350 2226 1489 2269 crucis
1521 2226 1668 2281 passio

168 2300 373 2342 Pariliter
405 2301 647 2356 aequaliter
1062 2299 1219 2341 Patula
1252 2301 1403 2354 aperta
1435 2313 1625 2354 expansa
1937 2307 1971 2333 45

268 2456 301 2501 1)
327 2456 372 2499 cf.
398 2456 446 2502 92.
467 2468 507 2501 p.
534 2459 622 2500 266,
648 2458 694 2490 43
714 2457 725 2500 ΙΙ

265 2579 297 2609 2.
326 2574 447 2609 simile
474 2587 492 2610 c
529 2577 540 2620 ΙΙ
579 2580 611 2610 3.
639 2573 846 2608 similitudo
873 2575 982 2610 abed
1019 2575 1030 2619 ΙΙ
1068 2578 1100 2609 4.
1128 2585 1150 2608 a
1175 2573 1341 2618 parendo
1367 2575 1418 2609 ab
1451 2575 1463 2618 ΙΙ
1495 2577 1527 2608 5.
1554 2572 1773 2617 obsequitur
1798 2572 1882 2606 abd
1912 2572 1914 2616 l

170 2633 362 2669 ministrat
392 2636 480 2670 abd
523 2636 534 2680 {1
578 2639 610 2670 6.
640 2634 965 2669 Paludamendum
997 2635 1258 2669 ornamentum
1290 2633 1450 2668 militiae
1483 2633 1583 2668 idest
1607 2631 1724 2667 uestis
1752 2629 1919 2675 superior

172 2693 269 2729 sicut
306 2696 396 2740 toga
429 2695 495 2729 aut
530 2694 669 2729 clames
701 2705 853 2739 pessum
885 2706 951 2728 seu
976 2695 1146 2728 mantum
1179 2693 1277 2727 unde
1310 2692 1350 2726 hi
1375 2692 1440 2737 qui
1465 2692 1504 2726 in
1534 2691 1729 2737 prouincia
1754 2689 1918 2735 proficis-

172 2754 305 2788 cuntur
329 2753 504 2799 paludati
529 2755 714 2789 uocantur
739 2755 789 2789 ab
833 2756 844 2799 ΙΙ
895 2757 926 2788 7.
953 2753 1124 2798 Palpitat
1148 2766 1171 2789 a
1220 2754 1231 2797 ΙΙ
1282 2757 1313 2788 8.
1341 2754 1528 2797 uagantur
1553 2765 1577 2788 a
1613 2754 1625 2797 11
1669 2755 1699 2786 9.
1726 2749 1918 2795 Paralipo-

169 2823 306 2847 menon
331 2825 354 2848 a
382 2814 387 2859 Ι
414 2813 601 2858 reliquum
625 2814 677 2848 ab
703 2814 714 2858 ss
744 2817 799 2848 11.
821 2825 889 2849 om.
911 2814 1018 2849 abed
1037 2814 1049 2858 ΙΙ
1071 2816 1125 2849 17.
1145 2812 1421 2857 Parmocupula
1447 2814 1509 2848 ab.
1548 2810 1845 2855 Pharmacopola
1865 2811 1889 2845 d
1912 2811 1915 2856 ξ

171 2872 344 2908 uenditor
363 2875 448 2909 abd
467 2875 478 2918 ΙΙ
499 2877 554 2909 18.
568 2884 801 2918 paganorum
823 2875 907 2909 abd
925 2876 936 2918 11
957 2877 1012 2908 19.
1027 2872 1243 2918 negotiator
1262 2873 1313 2907 ab
1334 2873 1344 2917 ΙΙ
1366 2876 1421 2907 20.
1437 2873 1527 2907 deas
1548 2874 1598 2907 ab
1623 2877 1627 2916 ι
1650 2871 1826 2905 iunonem
1840 2871 1890 2905 ab
1912 2871 1915 2916 1

172 2933 217 2968 de
243 2933 344 2968 malo
371 2935 422 2969 ab
457 2935 462 2980 Ι
502 2933 687 2968 iudicauit
713 2935 768 2969 ab
806 2936 817 2980 ΙΙ
855 2938 911 2968 21.
937 2933 1036 2978 lapis
1063 2932 1245 2967 candidus
1273 2933 1355 2967 abd
1387 2934 1398 2978 ΙΙ
1430 2936 1485 2968 23.
1511 2933 1706 2978 parentem
1733 2942 1840 2964 suum
1866 2942 1883 2965 c
1908 2930 1920 2976 ssl

172 2996 227 3028 24.
254 2993 456 3028 Parrochia
482 3006 531 3029 ac
559 2995 564 3038 Ι
591 2992 779 3029 incolatus
805 3007 829 3030 a
853 2996 865 3040 ΙΙ
890 2998 947 3029 26.
974 2992 1134 3039 gloriam
1159 2993 1271 3028 abed
1298 2994 1310 3037 ΙΙ
1342 2996 1398 3026 27.
1426 2992 1558 3037 exigue
1585 2993 1634 3027 ab
1663 2992 1674 3036 [1
1704 2995 1759 3026 28.
1787 2991 1918 3025 domus

173 3051 234 3087 dei
259 3054 310 3088 ab
341 3054 353 3097 ss
385 3057 441 3088 29.
468 3064 596 3087 omnes
621 3053 730 3088 ludos
757 3065 775 3089 c
805 3055 817 3098 n
849 3058 904 3089 32.
932 3052 1029 3088 retia
1054 3054 1105 3088 ab
1134 3054 1146 3097 11
1178 3057 1233 3087 33.
1260 3051 1479 3086 Pannicium
1506 3053 1556 3087 ab
1582 3053 1593 3096 fl
1620 3055 1675 3085 34.
1704 3051 1794 3085 deus
1820 3049 1920 3084 idest

173 3111 264 3146 deus
291 3112 444 3147 deorum
471 3114 522 3147 ab
543 3114 554 3156 ΙΙ
574 3116 630 3147 35.
656 3112 874 3148 Pandecten
899 3114 950 3148 ab
970 3113 981 3157 ΙΙ
1001 3115 1055 3146 37.
1076 3111 1235 3147 incubus
1261 3113 1306 3147 ab
1327 3113 1339 3155 ΙΙ
1359 3117 1414 3147 38.
1435 3110 1637 3146 Puniceum
1658 3111 1682 3145 d
1701 3112 1711 3155 ΙΙ
1732 3114 1787 3144 39.
1809 3109 1918 3144 Pani-

173 3170 292 3215 gyrici
317 3173 367 3207 ab
390 3173 394 3218 Ι
418 3171 634 3208 adulatores
661 3173 745 3208 abd
763 3174 775 3218 ll
795 3178 850 3208 40.
879 3172 944 3217 qui
969 3174 1053 3208 abd
1076 3175 1080 3216 Ι
1104 3171 1253 3206 diuersa
1278 3170 1518 3206 tendentibus
1546 3169 1716 3205 ambulat
1741 3171 1796 3205 ad
1815 3172 1827 3216 ΙΙ
